3500 5234
1024 715 1666 799 oneonsrn.
1716 711 2450 788 TABULARUM.
2639 737 2741 813 ας

1577 859 1918 937 Scholion.

861 1013 1102 1089 Titius
1131 1010 1416 1113 fortaffl’
1461 1011 1622 1115 effivt
1641 1063 1667 1106 ‚
1717 1015 1950 1111 inquit
1965 1014 2039 1110 J
2036 1037 2280 1087 oannes
2312 1011 2485 1089 Keil
2519 1017 2595 1092 in
2633 1017 2857 1092 Elem

906 1117 1112 1211 Trig.
1135 1164 1160 1206 ,
1195 1110 1510 1188 circulum
1548 1118 1622 1188 in
1656 1112 1943 1208 decupla
1978 1115 2233 1186 ratione
2255 1112 2488 1216 ficare
2506 1140 2556 1203 ,⁶
2583 1142 2735 1215 quae
2750 1117 2858 1193 di·

644 1212 823 1318 vifio
844 1212 1132 1317 fhrfitan
1171 1213 1538 1312 aliquando
1573 1215 1898 1287 obtinebit
1918 1263 1940 1284 .
1977 1213 2221 1285 Vericm
2239 1263 2265 1303 ‚
2333 1241 2360 1287 ι
2394 1217 2680 1291 circulus
2707 1239 2853 1292 con·

627 1316 779 1418 stet
821 1314 969 1413 360
1013 1314 1348 1411 gradibus
1362 1364 1389 1405 ,
1452 1313 1606 1408 ejus
1660 1311 2007 1411 quadrans
2025 1363 2052 1403 ,
2101 1338 2249 1385 men
2285 1338 2409 1386 ura
2467 1316 2705 1412 anguli
2756 1343 2856 1389 re-

640 1420 742 1492 ai
760 1467 789 1509 ,
835 1419 968 1490 erit
1017 1414 1253 1489 barum
1292 1417 1601 1512 partium
1656 1436 1759 1509 90
1776 1439 1825 1498 ;
1859 1409 1930 1511 st
1976 1410 2263 1486 circulus
2309 1417 2384 1487 in
2428 1436 2572 1489 100
2618 1436 2857 1513 partes

622 1513 938 1617 secetur,
990 1515 1333 1615 quadrans
1371 1516 1501 1587 erit
1541 1538 1586 1588 2
1600 1534 1640 1607 ς
1677 1517 1987 1610 partium
2007 1563 2030 1587 .

849 1739 886 1812 3
906 1738 969 1789 ι.
1016 1718 1272 1790 Canon
1310 1716 1913 1813 Tnssgonometricus
1949 1714 2232 1791 linearis
2262 1711 2376 1787 est.
2395 1715 2720 1809 Tabula,
2777 1716 2856 1791 in

697 1840 787 1889 ua
824 1814 912 1888 ad
953 1813 1254 1915 fingulos
1310 1814 1613 1913 graduS,
1663 1814 1742 1889 δε
1796 1815 2075 1891 minuta
2128 1813 2547 1917 quadrantis
2602 1816 2859 1890 circuli

638 1841 1110 2016 aisponuntm·
1169 1914 1398 2006 ίὶηιιε,
1470 1935 1897 2010 tangentes,
1958 1914 2033 1986 δε
2089 1914 2400 1989 secantes
2457 1912 2534 1987 in
2595 1914 2858 1989 eisdem

639 2012 1012 2113 partibus,
1066 2013 1145 2087 in
1235 2037 1358 2086 uas
1397 2012 1654 2084 circuli
1691 2010 1932 2083 radius
1970 2009 2363 2087 dividitur.
2430 2014 2859 2089 Communi-

643 2136 762 2187 ter
799 2133 1042 2188 autem
1095 2041 1336 2185 raffius
1399 2107 1699 2182 sumitur
1757 2106 2265 2207 particularum
2321 2134 2679 2207 100000‚
2730 2134 2858 2189 aut

653 2232 1077 2284 10000000
1101 2259 1122 2281 .
1170 2212 1424 2282 Canon
1455 2205 1571 2281 hie
1603 2206 1869 2281 dicitur
1897 2206 2231 2300 lineari8‚
2260 2213 2597 2311 quoniam
2629 2214 2858 2288 lineas

645 2310 1024 2401 continet,
1053 2333 1303 2409 nempe
1335 2305 1516 2382 finus
1536 2358 1562 2400 ,
1600 2327 1972 2405 tangentes
2005 2307 2146 2382 Sec.
2166 2358 2194 2401 ‚
2229 2308 2359 2383 etfi
2391 2312 2701 2388 numeris
2732 2339 2860 2387 ex-

643 2410 1096 2511 primantur:
1143 2433 1281 2510 qua
1341 2407 1427 2481 de
1469 2406 1669 2481 causa
1709 2406 1953 2483 differt
1994 2432 2036 2482 a
2085 2432 2356 2482 canone
2412 2409 2859 2509 logarithmi-

645 2534 785 2602 co,
836 2508 924 2583 de
962 2534 1106 2611 quo
1139 2507 1326 2581 infra
1369 2505 1719 2607 agendum
1764 2506 1948 2582 erit.

856 2632 980 2705 32.
1033 2610 1313 2700 Datus,
1364 2629 1485 2683 aut
1529 2605 1859 2706 cognitus
1898 2607 1973 2682 in
2032 2606 2623 2709 Trigonometria
2681 2609 2860 2687 dici-

649 2728 773 2784 tur
809 2733 1057 2800 arcum,
1106 2706 1267 2781 cnm
1307 2707 1562 2800 scitur,
1621 2728 1799 2880 ῗιιοε
1839 2707 2143 2807 gradus,
2198 2709 2270 2783 &
2313 2709 2594 2786 minuta
2631 2709 2861 2786 conti-

647 2827 867 2903 neat3
915 2807 1124 2881 datus
1162 2828 1401 2881 autem
1443 2834 1626 2907 angu
1662 2833 1785 2899 υς,
1845 2809 2131 2911 quando
2170 2809 2320 2902 ejus
2360 2836 2560 2887 arcus
2597 2810 2856 2886 datur.

854 2929 982 3003 33.
1033 2907 1269 2981 Datus
1307 2906 1583 3008 insuper
1620 2907 1888 2982 dicitur
1927 2907 2153 3003 finuS,
2194 2911 2313 2986 vel
2356 2932 2651 3012 tangens
2682 2910 2858 3004 &c·,

646 3005 940 3111 quando
978 3004 1244 3100 scitur,
1281 3028 1458 3108 quot
1499 3005 1689 3083 radii
1733 3008 2119 3109 particulas
2156 3009 2568 3087 contineat.

2629 4391 2777 4467 DE
