3500 5234
554 734 606 784 on
632 707 901 779 Tauranus
927 727 1173 782 snutrein.
1295 733 1371 810 217

715 853 934 931 Corollarium
960 860 1013 929 ΙΙ.

301 1035 411 1109 ²52·
524 1010 575 1082 Uo
598 1012 731 1106 quovis
755 1005 922 1103 trianguli
928 1004 1090 1104 spherici
1103 1007 1210 1082 latera
1220 1006 1425 1111 fimntsum-

545 1129 634 1205 pra,
659 1109 787 1201 majora
810 1108 896 1205 sunt
916 1106 1064 1203 reliquo.
1090 1108 1296 1204 Nimirum,
1322 1137 1424 1187 arcus

313 1213 393 1286 BC
415 1211 451 1283 in
473 1208 652 1304 triangulo
671 1206 838 1309 lphaerico
856 1209 928 1278 BC
940 1210 977 1277 D
995 1204 1112 1280 minor
1127 1207 1175 1280 eli
1191 1208 1321 1285 summa
1337 1212 1425 1286 duo·

311 1336 403 1385 rum
425 1311 523 1399 DB,
550 1310 649 1381 DC.
675 1308 787 1383 Ratio
807 1303 879 1398 est,
905 1304 988 1408 quia
1005 1331 1105 1380 arcus
1120 1310 1192 1379 BC
1209 1306 1331 1384 circuli
1351 1338 1426 1385 ma·

313 1410 440 1499 ximi,
465 1408 561 1481 inter
579 1407 650 1481 duo
667 1408 837 1511 quaelibet
858 1407 898 1480 in
916 1405 1095 1506 superficie
1116 1404 1254 1506 lphaera
1272 1410 1425 1508 pundla,

308 1507 691 1598 rstvnboeuffima
1106 1557 1108 1562 -

654 1660 1026 1733 TnnonnMn
1074 1657 1105 1729 L

321 1776 415 1912 Ι253.
426 1812 514 1998 ΙΝ
525 1812 646 1909 quovis
665 1811 834 1907 triangulo
846 1809 1008 1910 spherica
1023 1812 1092 1882 tria
1107 1808 1217 1884 latera
1225 1805 1432 1908 fimuisrm·

387 2014 411 2089 d
491 1930 580 2082 pig,
605 1914 731 1986 minora
742 1910 829 2010 surr
842 1908 1111 2009 circumferentid
1125 1910 1264 2004 circuli,
1289 1908 1347 1985 boc
1360 1908 1433 2009 esi,

349 2040 387 2090 ra
411 2016 487 2086 ibus
559 2032 606 2082 o.
1057 2073 1059 2077 .

317 2043 348 2113 g
424 2035 692 2209 Demimstrario.
720 2112 818 2185 Nam
837 2134 960 2185 omnes
978 2110 1100 2210 anguli
1130 2110 1252 2211 plani,
1276 2136 1324 2186 ex
1352 2108 1432 2211 qui·

324 2214 391 2289 bus
420 2210 556 2285 constat
582 2210 729 2308 angulus
759 2210 912 2302 solidus,
948 2208 1047 2284 fimul
1077 2210 1239 2311 sumpti,
1275 2204 1434 2284 minores¹

322 2314 406 2388 sunt
432 2329 587 2411 quatuor
612 2308 717 2383 tediis
744 2308 874 2407 (Tum.
893 2315 947 2384 11.
966 2315 1078 2386 Germ.
1097 2337 1131 2383 rr.
1163 2314 1274 2409 39.);
1307 2333 1433 2411 quam·

324 2414 483 2502 obrem,
513 2407 537 2482 st
566 2409 787 2511 concipiatur
840 2410 973 2504 yramis
993 2410 1224 2509 triangularis
1245 2411 1433 2500 BACD,

326 2511 402 2588 tria
432 2510 547 2583 latera
577 2508 746 2608 trianguli
775 2437 931 2584 siaerici
960 2510 1158 2585 metientur
1184 2530 1256 2583 tres
1285 2508 1433 2605 angulos

329 2612 478 2786 glanos,
503 2633 548 2682 ex
569 2608 695 2721 quibus
714 2537 847 2686 contiat
869 2611 1017 2708 angulus
1038 2608 1168 2683 solidus
1201 2614 1258 2701 A3
1284 2606 1321 2680 &
1350 2630 1435 2680 con·

347 2730 519 2813 equenter
538 2733 677 2783 minora
697 2732 801 2785 erunt
821 2709 987 2810 gradibus
1019 2707 1120 2807 360,
1147 2708 1210 2810 qui
1237 2706 1436 2784 mensuram

331 2832 488 2914 quatuor
507 2806 687 2885 redierunt
707 2809 887 2909 efficiunt,

639 2960 1122 3033 Tnnonnmnlh

330 3132 424 3207 254.
439 3112 610 3294 LArrr
627 3107 772 3207 quodvis
790 3108 957 3203 trianguli
968 3103 1131 3208 spbaerici
1149 3104 1260 3176 minus
1278 3100 1440 3202 estsemi·

542 3207 807 3308 circumferentia*
826 3208 967 3300 circuli,
993 3206 1050 3281 boc
1068 3206 1138 3306 est,
1154 3202 1321 3298 gradibus
1345 3200 1439 3275 180.

435 3309 700 3410 Demonstratio.
734 3311 831 3381 Nam
847 3306 951 3385 'latus
969 3304 1123 3411 quodvis
1147 3300 1319 3400 trianguli
1335 3296 1441 3397 spha-

332 3408 404 3487 rici
423 3411 471 3487 est
490 3408 650 3484 mensura
670 3407 791 3505 anguli
809 3408 884 3507 pla·

333 3509 484 3685 dall
501 3507 884 3682 {stllssfli‘lllz

335 3631 885 3882 Qmffmffissffi

336 3809 473 3885 norell
519 3808 628 3883 uobus
650 3804 780 3899 retus3
799 3828 886 3901 ergo

325 3910 434 3985 datus
455 3906 609 4012 quodvis
629 3903 800 4003 trianguli
817 3903 887 3977 nti·

334 4034 403 4083 nus
417 4009 465 4083 est
482 4004 789 4109 semiperipherii,
835 4028 887 4080 uae

335 4106 388 4184 est
411 4108 572 4185 mensura
597 4106 747 4181 duorum
772 4130 810 4181 rr
849 4131 888 4181 o·

335 4234 440 4284 turn.
