3500 5234
438 804 500 891 tis,
522 802 786 893 quemadmodum
800 800 987 893 logarithmi
1007 804 1197 893 respondent
1215 805 1414 875 ueturalibus
1430 832 1491 878 nu-

438 899 558 966 meris.
792 967 794 970 ,
815 922 820 933 ·
1305 924 1388 966 num.
1410 920 1492 991 445.

393 993 504 1061 Coroll.
529 989 617 1056 Hine
635 984 733 1055 etiarn
755 1004 864 1075 patet,
886 986 972 1074 quod
985 985 1006 1055 li
1021 986 1081 1078 lint
1095 1004 1236 1076 quatuor
1249 991 1374 1058 numeri
1389 990 1493 1075 tales,

439 1101 475 1149 ut
494 1079 638 1147 dillantia
658 1080 743 1146 inter
762 1080 922 1164 primum,
942 1077 975 1147 ἃ
996 1080 1172 1148 secundum
1185 1080 1221 1147 sit
1236 1080 1492 1169 aequaliadillan·

438 1174 491 1239 tiae
511 1172 599 1238 inter
616 1170 772 1253 tertium,
795 1170 829 1238 &
849 1189 1021 1257 quartum,
1044 1169 1270 1258 qualiscunque
1288 1172 1325 1239 fit
1344 1171 1492 1241 distantia

438 1261 564 1333 secundi
586 1262 737 1343 aterno,
758 1280 853 1329 erunt
873 1260 922 1328 illi
946 1263 1074 1330 numeri
1092 1263 1365 1348 proportionales.
1399 1268 1491 1348 ¹446.
1512 1301 1525 1323 .

323 1438 326 1447 Ι
391 1352 497 1441 Defin.
523 1351 680 1420 Distantia
700 1352 786 1423 inter
804 1354 882 1421 duos
899 1351 1059 1440 quoslibet
1080 1354 1377 1431 numerordicitur
1398 1353 1496 1442 'loga-

307 1467 310 1477 '
390 1514 393 1521 ,
432 1442 730 1517 rithmusrationis
748 1444 953 1513 eorumdem.
1374 1488 1377 1495 ·
1409 1466 1514 1533 447.Ι
1554 1438 1558 1449 ’

390 1538 502 1617 Coreli.
526 1535 559 1603 Si
578 1534 725 1602 distantia
745 1535 831 1604 inter
849 1535 928 1603 duos
942 1534 1071 1621 quosvis
1092 1557 1240 1605 numeros
1258 1533 1358 1625 duplat¹
1381 1530 1417 1607 fit
1443 1536 1498 1603 ei·
1523 1596 1529 1609 .

394 1630 404 1659 ⁶
435 1627 555 1697 llantite
574 1627 659 1696 inter
671 1624 750 1693 alios
769 1627 847 1695 duos
879 1608 1157 1715 numerls,'ratio
1183 1627 1319 1695 duorum
1347 1628 1497 1716 priorum

311 1760 314 1767 ,
396 1774 412 1799 ,.
435 1719 498 1786 erit
515 1716 676 1805 duplicata
695 1717 830 1787 rationis
852 1718 1075 1806 posteriorum.
1411 1720 1482 1805 40⁸

323 1806 326 1813 ’
388 1813 500 1881 cortu.
526 1810 638 1897 Itaque
659 1809 784 1877 numeri
808 1807 978 1889 cujuslibet
1007 1808 1241 1897 logaritlrmus,
1265 1792 1309 1879 ell
1335 1764 1516 1899 logenehi*

437 1912 506 1969 mus
526 1900 660 1969 rationis
681 1900 816 1968 unitatis
829 1901 867 1968 ad
889 1901 991 1996 ipsum
1010 1920 1199 1981 numerum.
1308 1978 1318 1993 Ι,
1347 1961 1349 1966 .
1387 1970 1392 1993 ,1
1410 1922 1494 1987 449.

388 1995 500 2063 Coroll.
525 1992 566 2060 Et
586 2015 697 2060 onmes
716 1993 841 2060 numeri
862 1993 895 2059 in
917 1991 994 2061 serie
1009 1992 1208 2081 'geometrica
1227 1990 1301 2059 sunt
1323 1993 1530 2079 potestaten-⁷

435 2083 550 2171 aliquae
569 2082 656 2152 illius
671 2084 817 2168 numeri,
841 2085 895 2171 qui
915 2084 958 2152 est
974 2082 1015 2152 ab
1034 2085 1159 2151 unitate
1173 2084 1315 2170 primus.
1338 2082 1382 2150 Et
1400 2100 1496 2171 pote·

436 2175 549 2242 statum
571 2175 691 2244 indices
710 2176 782 2242 sunt
804 2199 1011 2244 numerorum
1027 2173 1233 2264 logar'ithmi.
1413 2194 1494 2265 450.

389 2269 499 2337 Coroll.
524 2268 610 2334 Cum
630 2266 817 2355 logorithmi
832 2266 892 2335 srnt
911 2268 1065 2335 distantiae
1085 2286 1292 2336 numerorum
1316 2265 1358 2335 ab
1385 2266 1498 2334 unite·

436 2377 489 2438 te,
514 2356 575 2423 erit
594 2355 805 2445 logarirhmus
827 2359 919 2445 ipsius
938 2358 1129 2426 unitatiro.
1414 2376 1497 2447 451·

390 2449 500 2516 Comll.
525 2449 747 2516 Nummorum
770 2449 966 2535 geometrice
991 2448 1279 2537 proportionalium
1306 2445 1499 2539 lugaritlrmi

436 2538 508 2607 lunt
529 2563 641 2608 ornnes
662 2541 695 2606 in
719 2538 930 2629 progressione
951 2538 1177 2608 arithmetica.
1413 2560 1495 2630 452.

393 2670 395 2675 ¹
526 2681 578 2749 De
592 2678 845 2771 proprietatibus,
868 2675 911 2743 δ’
929 2678 984 2763 usu
1002 2679 1111 2744 Curuae
1123 2674 1351 2768 logatithmicae.
1420 2670 1425 2678 ’

390 2816 614 2903 Proprium
635 2813 668 2881 in
687 2837 745 2882 are
765 2812 997 2904 logarithmieae
1018 2813 1184 2901 capiantur
1213 2832 1317 2900 partes
1342 2809 1497 2900 qualibet

436 2904 589 2993 aequales,
613 2905 647 2974 δι
665 2905 704 2973 ab
724 2906 907 2974 earumdem
927 2907 1079 2974 extremis
1099 2904 1223 2993 punelis
1242 2906 1406 2993 erigantur
1424 2927 1501 2992 per·

436 2996 676 3086 pendiculum,
709 3020 747 3066 ex
774 3017 888 3066 natura
915 3020 1041 3079 curvae,
1073 3016 1169 3066 erunt
1200 3018 1311 3064 omnes
1338 2996 1498 3064 continue

400 3116 402 3121 ·
435 3088 710 3179 proportionalem
733 3091 810 3176 quin
834 3090 934 3158 etiam
957 3087 1112 3157 continua
1127 3085 1500 3178 perpendiculariumin·

436 3202 598 3249 crementa
620 3199 715 3248 erunt
737 3182 816 3246 totis
835 3177 1108 3267 proportionalia.
1223 3218 1225 3222 >
1389 3178 1497 3268 '453.
1531 3238 1534 3243 .

391 3275 481 3361 Prop.
506 3275 556 3342 JV,
585 3273 623 3339 In
642 3272 721 3339 serie
735 3271 1022 3361 proportionalium
1041 3269 1222 3354 crescente,
1240 3270 1262 3340 sr
1282 3268 1498 3359 logarithnrus

440 3363 577 3444 alicujus
594 3364 718 3431 numeri
735 3359 970 3449 multiplicetur
982 3386 1037 3451 per
1050 3384 1241 3447 numerum,
1263 3364 1319 3451 qui¹
1340 3361 1498 3450 exprimit

438 3456 571 3523 termini
592 3455 736 3536 cujusvis
754 3448 934 3523 dilleotiam
954 3479 972 3523 a
1000 3453 1105 3541 primo
1122 3456 1269 3525 ,termino
1280 3451 1299 3538 ‚'
1314 3452 1349 3523 &
1378 3452 1502 3541 produ-

437 3545 524 3613 uum
543 3546 677 3615 addatur
696 3544 891 3635 lugarithmo
905 3544 1037 3616 termini
1053 3544 1170 3634 primi,
1188 3546 1318 3616 dabitur
1335 3542 1498 3635 logarith-

437 3658 508 3702 mus
528 3639 613 3706 illius
634 3638 787 3708 termini.
1048 3682 1054 3690 -
1412 3654 1497 3724 454.

390 3727 735 3800 PraxisArithmeticae
753 3730 934 3801 communis
953 3728 986 3799 in
1007 3728 1232 3820 supputatione
1248 3725 1383 3801 soeuorit
1399 3746 1499 3795 com-

438 3817 527 3907 posui
547 3821 585 3887 ad
605 3822 709 3907 plures
724 3842 846 3891 annos.
1412 3837 1495 3909 455.

390 3910 500 3979 Praxis
520 3909 763 3998 logarithmica.
1411 3912 1499 4000 456.-

391 4002 633 4166 Qusaetlliuuculae
648 4003 881 4096 logarithmicre
898 4006 937 4077 de
957 4004 1184 4095 suppuratione
1206 4004 1342 4079 foenoris
1361 4024 1497 4163 eombpf‘ri-

449 4118 507 4165 Η,
1415 4118 1428 4165 t
1449 4120 1462 4165 r
1486 4139 1497 4162 .

821 4282 1058 4355 FINIS.
