3500 5234
516 762 578 810 ne
603 740 840 815 Constn.
865 738 1234 810 Tueuuonutu.
1325 758 1377 833 27

322 841 420 915 visus
440 838 477 912 in
501 838 638 940 aliquot
659 859 776 940 partes
793 837 964 939 aequales,
991 856 1030 909 ut
1044 833 1189 935 natione
1211 834 1335 908 harum
1351 861 1430 935 par·

322 940 416 1015 tium
439 962 562 1013 omnes
581 938 670 1011 alios
690 937 780 1011 finus
796 936 1018 1052 metiantur,
1041 933 1331 1035 proportionesve
1351 961 1429 1008 om·

322 1039 424 1115 nium
451 1034 585 1113 sinuum
606 1036 650 1111 ad
671 1034 782 1112 smum
802 1055 945 1128 totum,
973 1033 1042 1109 five
1062 1034 1105 1109 ad
1126 1034 1430 1110 semidiametrum

321 1139 360 1214 in
391 1138 549 1218 numeris
578 1134 804 1239 exprimant3
827 1135 1083 1238 ‘explicandum
1112 1135 1230 1236 paucis
1259 1135 1354 1225 erit,
1391 1143 1430 1210 in

321 1259 404 1338 quot
417 1238 834 1337 partesfemidiametrum
850 1230 1084 1338 distribuerint
1114 1240 1275 1335 antiqui,
1303 1237 1351 1313 (9
1380 1260 1430 1308 re·

320 1344 481 1413 centium
502 1338 710 1439 Astrunomi.
759 1338 892 1439 Neque
912 1337 1007 1411 enim
1028 1345 1150 1410 omnes
1170 1338 1293 1409 eodem
1321 1335 1430 1409 modo

321 1464 404 1513 eam
425 1439 499 1515 sunt
522 1437 668 1538 partit-i.
689 1436 933 1514 *Ptolomeus
952 1434 1429 1539 namquesemidiametrum

319 1539 415 1613 secat
433 1536 471 1616 in
492 1533 539 1611 60
582 1560 676 1613 artes
696 1537 868 1641 equales,
895 1556 1010 1613 totam
1029 1532 1120 1609 vero
1145 1533 1360 1610 diametrum
1390 1534 1428 1607 in

325 1657 427 1730 1203
452 1562 651 1740 quamlibet
677 1636 806 1713 deinde
835 1657 974 1737 partem
1004 1632 1162 1735 conc-ipit
1191 1634 1341 1708 divisam
1360 1632 1428 1709 esse

319 1736 358 1811 in
388 1737 439 1810 60
468 1736 631 1829 minuta,
657 1736 694 1810 δι
721 1735 873 1840 quodvis
893 1736 1072 1813 minutum
1091 1735 1130 1809 in
1152 1732 1202 1809 60
1221 1733 1362 1810 minuta
1380 1733 1430 1808 se·

319 1836 460 1929 cunda;
486 1834 522 1912 ὅ(
543 1836 596 1911 ita
614 1835 801 1937 deinceps·
828 1836 990 1931 Arzah'el
1008 1862 1097 1916 vero
1112 1836 1228 1908 Arabs
1242 1832 1428 1909 constituit

324 1935 629 2016 semidiamettum
650 1935 805 2035 partium
833 1941 937 2029 150,
959 1960 999 2007 ac
1028 1930 1177 2032 proinde
1208 1954 1323 2008 totam
1351 1932 1429 2006 dia·

279 2128 284 2134 ,
317 2056 476 2110 metrum
497 2036 655 2136 partiunt
678 2056 778 2129 3003
803 2057 892 2135 quas
910 2031 1068 2135 quitlent'¹
1083 2053 1202 2131 partes
1226 2034 1342 2109 rursus
1371 2033 1430 2107 di·

319 2134 463 2210 stribuit
489 2132 710 2223 inminuta,
729 2153 769 2207 ut
788 2130 1021 2211 Ptolomeus.
1035 2183 1041 2207 .·
1102 2209 1105 2215 ,

430 2254 491 2328 37.
516 2230 587 2308 Sed
607 2231 745 2310 utrovis
762 2230 870 2308 modo
889 2229 1174 2326 semidiameter,
1199 2228 1273 2309 five
1291 2230 1428 2309 diame-

320 2353 380 2407 ter
405 2330 613 2425 dividatur,
639 2330 885 2432 permolestum
906 2330 954 2405 est
974 2331 1063 2407 alios
1082 2356 1205 2408 omnes
1222 2333 1335 2426 sinus,
1354 2333 1426 2408 stve

319 2431 471 2505 chordas
491 2430 537 2504 in·
550 2430 901 2533 ejusmodi-partibus
920 2431 1157 2531 investigare3
1182 2428 1262 2507 etim
1292 2433 1362 2506 sem
1388 2439 1428 2506 er'

320 2529 603 2631 multiplicatio,
629 2530 778 2625 divifio,
804 2531 1055 2635 extraili'oque
1076 2533 1235 2608 radicum
1289 2558 1329 2604 er
1357 2460 1429 2605 iia-

321 2630 460 2708 &iones
479 2630 744 2708 Astronomicas
763 2632 980 2708 instituenda
1000 2631 1067 2726 fit3
1092 2632 1151 2705 uel
1181 2557 1288 2708 certi>
1309 2651 1427 2732 partes

322 2730 361 2804 in
380 2730 521 2806 minuta
541 2730 678 2833 prima,
704 2758 744 2806 ac
764 2733 913 2808 secunda
928 2729 1204 2823 convertendo,
1220 2733 1258 2816 ὃς
1277 2753 1428 2824 contra,

322 2829 462 2906 minuta
482 2829 520 2904 in
541 2851 677 2930 partes:
722 2856 773 2907 uae
792 2859 847 2909 res
857 2828 1172 2913 laboriosaestnon
1183 2832 1292 2908 soltlm
1326 2857 1428 2916 arunt

322 2929 536 3006 exercitatis
556 2929 593 3004 in
614 2856 881 3025 Aritimetic'a,
906 2931 1032 3008 venlm
1054 2934 1165 3009 etium
1185 2858 1425 3035 peritiffimis.

424 3028 488 3126 38.
514 3029 765 3129 Monteregius
784 3032 1006 3131 tangentium
1027 3031 1220 3127 inventor,
1246 3033 1430 3136 Antiquo-

323 3156 403 3206 tunt
421 3129 593 3206 minutias
613 3129 780 3224 abstulit,
808 3133 1017 3239 sumpsttque
1046 3134 1188 3210 radium
1217 3130 1428 3225 6oooooo;

278 3279 280 3283 ι
322 3252 361 3306 at
382 3230 508 3306 habito
526 3229 684 3330 respeslu
704 3231 755 3306 nd'
775 3232 1010 3324 diuisionem,
1036 3234 1179 3332 putavit
1208 3230 1428 3307 commodio-

322 3353 402 3404 rem
425 3351 629 3403 1000000.
665 3330 862 3426 Rheticus,
888 3332 951 3436 qui
981 3333 1137 3408 secantes
1165 3328 1275 3405 etiam
1304 3329 1427 3420 adjun-

321 3429 408 3521 xit,
434 3428 570 3504 radium
600 3430 774 3530 supposuit
805 3431 961 3531 partium
994 3451 1305 3525 100000000003
1323 3429 1427 3531 Brig-

319 3528 402 3629 gius
423 3543 865 3606 10000000'00000000.
892 3531 1102 3607 Communis
1121 3550 1241 3608 tamen
1258 3531 1333 3608 usus
1348 3557 1427 3608 om·

319 3630 422 3704 nium
443 3627 480 3704 id
500 3629 673 3730 temporis
685 3630 870 3726 obtinuit,
890 3652 930 3707 ut
945 3629 983 3706 in
1000 3630 1328 3733 supputationibus,
1343 3657 1424 3735 quo

320 3754 369 3804 ex
388 3729 551 3823 smubus,
577 3752 638 3805 aut
658 3729 800 3806 chordis
820 3731 1100 3833 depromuntur,
1127 3732 1217 3808 smus
1237 3752 1335 3810 totus
1361 3732 1424 3806 llu-

320 3830 446 3906 tuatur
475 3829 631 3931 partium
663 3851 895 3926 10000000,
930 3830 993 3936 qui
1021 3831 1229 3909 retinendus
1259 3831 1328 3908 eu.
1363 3833 1427 3908 lta-

319 3928 418 4005 enim
447 3943 535 4030 opus
564 3955 635 4003 non
663 3929 733 4007 erit
763 3954 880 4034 partes
911 3928 972 4008 has
1000 3929 1038 4006 in
1057 3930 1197 4009 minuta
1216 3932 1354 4033 prima,
1379 3959 1422 4007 ac

318 4027 471 4104 secunda
499 4028 731 4124 distribuere,
760 4057 857 4107 more
884 4030 1059 4106 Veterum
1069 4043 1086 4126 3'
1107 4030 1188 4108 etlnt
1207 4057 1277 4108 una
1296 4031 1424 4111 hatum

319 4130 478 4231 partium
499 4129 540 4204 stt
560 4130 676 4207 multo
690 4131 831 4224 minor,
856 4130 1087 4235 quinionem
1102 4131 1281 4209 minutum
1301 4133 1422 4207 secun·

323 4229 409 4304 dum
428 4227 522 4303 radii
542 4227 579 4302 in
599 4250 716 4330 partes
736 4230 801 4323 60,
822 4232 1009 4309 secundtlm
1023 4233 1279 4326 Ptolomaeum,
1300 4231 1420 4321 diuisi,

323 4328 361 4403 &
390 4329 647 4434 consequenter
675 4330 758 4408 tuto
784 4330 918 4431 negligi
946 4331 1049 4433 possit
1069 4330 1281 4408 incalculo.
1322 4334 1422 4404 Nam

1267 4456 1377 4506 unum
