3500 5234
724 744 906 814 PARS
950 746 1025 815 1v;

554 928 557 933 ⁴
660 930 717 1000 De
732 929 913 1020 Triangulis
924 927 1092 1019 spbaerics‘s.

482 1080 1268 1199 neritunom,errnincmr.

321 1298 432 1386 Dcssn.
444 1301 471 1368 1.
574 1299 681 1369 Enelis
711 1295 1022 1387 sphaeraessjnsque.
1036 1300 1215 1371 elementa.
1241 1329 1323 1374 nutu.
1351 1319 1429 1388 219.

597 1415 672 1461 220.
693 1414 768 1459 221.
1319 1441 1344 1458 .«
1398 1447 1424 1464 ..

322 1485 435 1553 Coroll.
459 1482 492 1553 Si
513 1485 631 1573 sphaera
645 1487 768 1554 secetur
784 1507 977 1573 quocunque
991 1482 1107 1571 plano,
1126 1485 1308 1553 communis
1325 1489 1430 1555 inter·

371 1576 467 1644 sertio
486 1576 627 1657 ejusdem
643 1602 716 1646 eum
738 1576 854 1664 sphaera
870 1576 933 1645 erit
947 1576 1106 1646 circulus.
1354 1600 1430 1647 222.

326 1670 439 1737 Coroll.
463 1668 613 1753 Circuli,
647 1671 703 1757 qui
734 1671 901 1738 transeunt
929 1692 984 1757 per
1011 1691 1170 1739 centrum·
1188 1667 1330 1757 spharae‚
1357 1671 1431 1736 sunt

370 1761 902 1848 iuterseaequales‚&omnium
928 1761 1081 1830 maximi.
1263 1809 1268 1816 -
1356 1780 1432 1848 223.

323 1854 437 1921 Coroll.
461 1852 588 1921 Circuli
609 1854 742 1919 maximi
764 1853 793 1919 le
812 1876 925 1920 omues
944 1856 1059 1922 mutub
1078 1854 1226 1922 bifariam
1241 1854 1377 1933 secant3.
1397 1850 1433 1917 δι

369 1945 554 2101 cohmmunis
578 1943 766 2013 intersedit)
796 1944 966 2032 planorum
993 1946 1250 2016 eorumdemsrst
1276 1944 1434 2014 diameter

367 2036 400 2122 sp
424 2058 509 2103 aerae.
1281 2065 1285 2072 ·
1334 2054 1433 2116 ·224.

322 2128 435 2195 Coroll.
460 2128 520 2196 Per
536 2127 601 2197 duo
613 2129 735 2216 quavis
750 2129 865 2218 puntta
880 2128 1034 2219 assumpta
1050 2129 1084 2198 in
1104 2128 1268 2219 superficie
1288 2126 1434 2215 sphaerae,

370 2220 470 2307 potest
488 2221 560 2289 duci
581 2222 720 2289 circulus
741 2226 918 2290 maximus.
1061 2276 1064 2284 .
1194 2271 1196 2276 -
1354 2220 1431 2286 226.

327 2310 438 2396 Defin.
463 2315 515 2381 ΙΙ..
533 2315 615 2381 Axis
644 2314 768 2401 spharae
789 2316 831 2383 eli
861 2314 926 2383 sola
952 2315 1109 2386 diameter
1130 2314 1214 2398 fixa,
1234 2312 1319 2383 circa
1336 2322 1434 2398 quam

370 2402 488 2490 sphaera
507 2409 732 2476 convertitur.

415 2494 487 2563 Poli
510 2497 634 2585 sphaerae
653 2499 726 2566 sunt
746 2499 861 2585 pundia
877 2520 1021 2569 extrema
1039 2502 1126 2568 axis.
1412 2557 1415 2562 .

415 2588 499 2657 Axis
527 2587 639 2659 circuli
670 2590 712 2657 est
740 2590 825 2658 linea
846 2591 950 2674 reela,
978 2589 1187 2679 qua-transit
1200 2612 1255 2677 per
1267 2586 1336 2669 ejus
1356 2610 1433 2658 cen·

325 2745 328 2749 .
370 2696 482 2761 trum,
505 2682 540 2749 dc
559 2682 600 2748 cll
615 2681 711 2769 plano
731 2682 870 2762 ejusdem
891 2683 1002 2750 circuli
1023 2680 1310 2771 perpendicularis·

415 2768 486 2839 Poli
512 2772 625 2840 circuli
655 2774 727 2841 sunt
755 2774 819 2841 duo
847 2775 964 2862 puudla
995 2797 1141 2845 extrema
1172 2771 1435 2856 ejusdemaxisa

370 2861 470 2950 posita
490 2864 523 2930 in
545 2864 707 2951 superficie
732 2866 875 2951 sphaerae.
1012 2917 1015 2923 «
1097 2924 1100 2928 .
1358 2868 1434 2933 228.

325 2956 437 3022 Coroll.
458 2954 558 3024 ¹Polus
578 2955 716 3045 quilibet
736 2955 848 3025 circuli
877 2959 1051 3045 aequidillat
1070 2960 1109 3028 ab
1129 2958 1280 3028 omni-bus
1308 2955 1433 3046 pundlis

370 3045 430 3114 suae
450 3047 738 3119 circumferentiae.
924 3118 927 3122 ,
1340 3069 1433 3131 229.

321 3139 434 3205 Coroll.
458 3141 491 3207 Si
513 3144 671 3211 maximus
690 3141 829 3212 circulus
848 3144 988 3212 transeat
1010 3167 1064 3229 per
1079 3141 1314 3231 polosalterius
1329 3138 1436 3207 maxi-

332 3271 335 3276 ·
369 3230 415 3307 mi
425 3232 552 3317 circuli,
564 3234 639 3304 huic
650 3235 713 3305 erit
724 3235 1008 3323 perpendicularis.
1019 3238 1060 3303 Bt
1073 3237 1254 3322 reciprocd.
1269 3254 1344 3319 230.
1357 3252 1435 3317 232.

322 3322 433 3390 Coroll.
459 3324 486 3390 1.
513 3328 546 3392 Si
568 3328 727 3396 maximus
746 3328 885 3397 circulus
902 3328 1014 3398 transit
1033 3351 1088 3417 per
1102 3327 1192 3417 polos
1206 3325 1360 3407 alterius,
1379 3323 1435 3413 lpis

366 3434 494 3500 quoquc
514 3419 659 3488 tranfibit
673 3443 728 3507 per
748 3420 837 3507 polos
857 3422 974 3510 primi.
1167 3476 1169 3480 .

415 3504 463 3572 II.
488 3508 521 3575 Si
542 3510 647 3598 plures
661 3534 752 3578 arcus
772 3512 833 3581 lese
853 3514 1048 3583 intersecent
1069 3512 1102 3580 in
1123 3510 1198 3600 polo
1213 3507 1346 3579 alterius
1370 3508 1435 3577 cir·

325 3651 329 3658 .
367 3594 459 3677 culi,
483 3623 578 3671 erunt
598 3625 710 3671 omues
728 3603 832 3674 eidem
855 3604 1150 3694 perpendiculares.

326 3755 330 3762 .
413 3690 534 3759 ltu-A
564 3694 817 3784 purtdlopquod
847 3697 973 3765 nonsit
1000 3695 1090 3784 polus
1110 3696 1155 3763 sui
1175 3719 1287 3780 arcus,
1318 3695 1432 3763 unicus

365 3804 457 3851 arcus
474 3786 742 3873 perpendicularis
762 3788 794 3854 in
815 3789 962 3857 eumdem
982 3788 1055 3856 duci
1074 3788 1194 3875 potest.
1356 3808 1433 3873 232.

321 3874 432 3942 Coroll.
458 3876 552 3946 Polus
572 3879 710 3966 quilibet
730 3880 822 3949 distat
841 3881 991 3970 gradibus
1008 3904 1051 3969 90
1067 3881 1109 3948 'ab
1127 3880 1279 3951 omuibus
1303 3879 1432 3968 pundlis

366 3966 412 4034 sui
433 3994 546 4053 arcus,
570 3970 623 4039 vel
643 3972 933 4041 circumferenriae.
1357 3991 1433 4057 233.

288 4102 291 4108 ·
319 4058 431 4127 Coroll.
456 4064 488 4129 Si
510 4065 542 4131 in
564 4064 826 4133 circumferentia
842 4064 1109 4135 circulimaximi
1139 4065 1339 4153 accipiantur
1366 4062 1433 4131 duo

365 4153 502 4238 prinda,
527 4180 596 4244 quae
616 4180 679 4223 non
700 4156 759 4223 fiat
781 4157 923 4227 invicem
945 4158 1086 4244 separata
1107 4183 1161 4247 per
1182 4151 1434 4226 semicircumfe·

325 4290 338 4306 .
365 4247 527 4333 rentiam,
549 4248 675 4323 horunc·
685 4247 853 4340 quodlibet
874 4250 1072 4410 dglafssvlmss
1087 4251 1207 4343 poterit
1222 4247 1387 4405 gradibusb
1387 4264 1431 4333 90

373 4375 376 4381 ,
850 4346 882 4417 A
952 4365 968 4437 5
1345 4362 1363 4405 a

740 4465 747 4506 l

407 4593 423 4628 1
446 4591 498 4690 ἢ

459 4683 479 4714 l
