3500 5234
469 775 541 850 ¹14
672 751 1259 828 Pnnxrsanoouournrntoa·

554 894 1380 1038 oosnnvnrtouns
1548 902 1561 1045 i

416 1158 650 1240 Fallaciatum
668 1156 907 1254 complurium,
923 1182 998 1256 quae
1011 1160 1047 1232 itt
1063 1160 1203 1231 Praxim
1222 1160 1514 1252 trigunometticm
1550 1098 1561 1247 i

540 1259 772 1353 Aitimttriae,
791 1260 840 1339 (Ὺ
858 1261 1092 1355 Longimettiae
1100 1256 1210 1357 soient
1226 1261 1391 1355 irrepere.
1545 1299 1561 1384 Ι,

522 1450 683 1528 Erisstme
710 1449 798 1526 olim
818 1449 958 1527 monuit
977 1453 1015 1524 P.
1034 1454 1199 1553 Tacquet
1227 1449 1264 1524 in
1284 1450 1342 1524 sua
1361 1454 1516 1526 Geome-
1546 1457 1549 1528 't

545 1552 634 1628 trica
676 1550 830 1643 raetica,
853 1555 1088 1643 Geometras,
1108 1550 1226 1653 quide
1248 1550 1313 1622 hoc
1333 1576 1517 1649 argumen·
1548 1635 1550 1648 Ι

415 1677 456 1734 to
471 1652 621 1730 scribere
638 1577 774 1745 ἔκηε,
790 1676 917 1766 pianes
933 1652 1006 1726 suas
1023 1651 1092 1725 fine
1110 1651 1181 1724 ulla
1197 1649 1417 1765 limitatione
1436 1680 1517 1753 pro.
1548 1682 1551 1754 3

416 1775 571 1860 ponere3
597 1751 688 1830 unde
716 1751 778 1844 fit,
806 1772 843 1827 ut
871 1751 922 1843 ti,
949 1750 1067 1855 quiin
1087 1751 1190 1825 rebus
1210 1772 1436 1848 geometricis
1457 1779 1516 1852 pa·
1549 1791 1551 1800 ·

414 1881 493 1936 rum
510 1854 587 1930 sunt
603 1849 759 1946 versati,
774 1850 856 1928 dunt
875 1852 1001 1952 absque
1017 1851 1089 1926 ulla
1100 1850 1344 1942 limitatione,
1362 1852 1516 1954 ubique,

347 1993 351 2006 ¹
415 1957 452 2032 &
481 1957 614 2056 semper
638 1950 763 2031 eodem
790 1952 898 2030 modo
922 1970 1137 2053 operantur,
1157 1950 1195 2026 in
1215 1976 1358 2049 magnos
1378 1979 1517 2027 errores

414 2052 605 2147 inrident,
631 2079 745 2158 neque
772 2053 877 2146 satis,
897 2079 942 2129 ex
963 2052 1089 2158 quibus
1109 2052 1295 2126 nascantur
1312 2051 1443 2143 causas,
1467 2054 1519 2126 as·
1556 2113 1559 2136 ι

415 2153 626 2256 sequuntur.
655 2156 774 2244 Quare
802 2153 957 2228 fatiurus
983 2180 1038 2229 me
1055 2177 1180 2256 ¹operae
1200 2150 1352 2251 pretium
1374 2153 1518 2245 censui,
1556 2149 1561 2170 ¹

416 2251 444 2330 ii
471 2276 557 2366 quet
583 2250 726 2350 infignis
755 2251 812 2326 hic
834 2252 1005 2344 notior,
1035 2253 1168 2354 aliique
1190 2250 1387 2351 Scriptores
1413 2252 1517 2327 acute
1558 2257 1561 2262 ’

416 2352 621 2430 indicarunt
651 2376 811 2425 errorum
842 2350 1020 2449 origines,
1048 2350 1342 2426 &limitationes
1368 2352 1518 2427 necessa·

416 2454 488 2532 rias
509 2450 575 2526 suis
595 2448 682 2525 locis
702 2448 942 2541 adhibendas,
962 2450 997 2523 in
1020 2450 1111 2525 hunc
1131 2475 1197 2548 ego
1217 2450 1334 2525 locum
1357 2480 1413 2528 eas
1432 2480 1517 2528 con·

417 2578 564 2656 getam,
592 2571 630 2628 ut
650 2549 771 2655 praxis
790 2575 809 2626 a
831 2549 971 2625 theoria
988 2574 1211 2653 nequaquam
1230 2552 1391 2628 aberret.

650 2749 1199 2826 OBSERVATIO
1250 2753 1280 2826 1.

419 2973 505 3048 142.
596 2954 684 3027 Rror
710 2951 769 3026 vei
791 2954 948 3027 minimus
965 2951 1033 3051 sub
1058 2953 1179 3050 angulo
1198 2952 1396 3032 altitudinis
1414 2956 1517 3032 vaide

619 3074 725 3151 paruo
742 3052 946 3144 commissus,
964 3053 1069 3127 multi
1083 3055 1239 3145 maiorem
1253 3055 1426 3155 disiantiae
1439 3086 1519 3133 cau·

407 3154 470 3255 sat
494 3180 653 3248 errorem,
678 3155 782 3254 quint
806 3152 953 3257 ὀψᾶται
976 3154 1064 3228 idem
1080 3155 1150 3257 sub
1176 3155 1295 3253 angulo
1320 3157 1520 3234 altitudinis

416 3280 687 3432 maanltitudo
713 3354 849 3434 montis
873 3355 917 3433 fit
942 3359 1035 3432 BC:
1054 3355 1218 3434 distantia
1240 3354 1522 3436 horizontaliter
