3500 5234
468 730 519 806 54
691 707 969 777 Turcou.
1014 705 1175 777 Pin-s
1210 704 1278 776 Ι»
1401 768 1403 772 ,

416 835 465 883 εκ»
488 802 593 881 dietis
619 824 743 904 patet3
768 828 814 876 ex
845 829 918 905 quo
946 802 1087 902 praecise
1117 802 1322 877 invenietur
1342 802 1432 879 finus
1452 802 1512 879 ille

413 902 621 1006 46947163
639 903 695 977 sed
715 927 755 977 ea
775 902 929 977 minutia
950 904 1031 977 tutb
1051 902 1184 1003 negligi
1207 901 1339 1001 potest.

514 1004 556 1077 ld
575 1003 686 1095 verb,
705 1002 799 1116 quod
821 1001 863 1075 de
875 1002 1014 1076 sinubus
1024 1003 1111 1077 totis
1122 1003 1275 1103 partium
1292 1026 1512 1096 10000000‚

414 1104 453 1179 &
477 1126 629 1176 100000
649 1102 828 1192 diximus,
848 1101 1119 1201 intelligendum
1166 1128 1280 1206 uoque
1301 1102 1348 1176 est
1367 1102 1411 1177 de
1432 1103 1511 1177 aliis

328 1235 332 1240 ·
414 1204 552 1278 sinubus
572 1202 658 1277 totis
677 1226 903 1305 quotcunque
933 1202 1113 1303 partium,
1140 1130 1211 1275 iive
1237 1201 1417 1303 plurium,
1442 1203 1510 1277 five

413 1304 640 1406 pauciorum.
666 1306 812 1403 Semper
830 1301 926 1375 enim
946 1327 992 1374 ex
1010 1300 1147 1377 sinubus
1167 1301 1325 1401 respeciu
1347 1301 1439 1376 smus
1460 1324 1512 1378 to·

415 1403 486 1478 tius
504 1400 647 1493 majoris
666 1400 823 1476 inventis
838 1400 1043 1492 abjiciendae
1064 1402 1141 1477 sunt
1159 1422 1214 1477 tot
1229 1402 1372 1501 figuret,
1398 1424 1440 1477 ut
1461 1429 1512 1478 re·

413 1502 598 1615 linquatur
618 1501 706 1575 smus
727 1498 884 1601 respei'tu
901 1500 990 1574 finus
1010 1501 1121 1576 totius
1150 1503 1322 1593 minoris,
1374 1524 1437 1576 uot
1463 1504 1512 1577 ci·

413 1602 510 1704 pirrus
529 1601 621 1677 finus
640 1622 737 1677 totus
757 1598 869 1691 major
889 1598 999 1675 smum
1019 1622 1136 1676 totum
1156 1603 1329 1676 minorem
1346 1529 1509 1703 inperat.

648 1748 1290 1875 ousuuvnrtou

413 2002 572 2185 73.IN
598 2000 803 2091 abjiciendis
832 2021 953 2075 tamen
983 2026 1003 2073 a
1032 2000 1104 2076 sinu
1126 1999 1277 2076 invento
1296 1999 1450 2077 totidem
1465 2000 1512 2077 ci·

559 2100 686 2201 phris‚'
703 2121 790 2203 quot
820 2102 959 2176 fuerant
988 2100 1159 2191 adjunciae
1185 2102 1272 2177 smui
1302 2123 1406 2194 toto,
1440 2104 1511 2177 haec

415 2199 524 2276 etiam
543 2200 743 2275 observatio
759 2221 841 2273 ante
859 2202 980 2272 oculos
997 2200 1156 2274 habenda
1171 2200 1242 2295 est,
1262 2224 1302 2276 ut
1318 2201 1362 2275 ad
1378 2202 1511 2295 smum,

414 2300 530 2404 quoad
551 2297 628 2371 fieri
655 2299 782 2399 possit,
809 2297 1063 2372 accuratiffime
1089 2298 1344 2376 inveniendum
1363 2304 1513 2378 *acceda-

414 2427 512 2475 musr.
559 2402 678 2491 Nam,
703 2397 786 2473 dum
808 2423 828 2469 a
849 2396 945 2489 smu,
965 2418 1072 2496 puta,
1091 2398 1285 2496 46947.16
1304 2403 1513 2478 auferuntur

414 2499 491 2574 duae
513 2501 631 2599 figurae
655 2499 721 2592 16,
749 2498 800 2571 hm
821 2518 1027 2571 numerator
1047 2498 1204 2573 evadunt
1224 2500 1429 2593 sraffionir,
1455 2529 1514 2577 cu·

413 2598 467 2692 jus
484 2599 733 2678 denominator
751 2597 799 2674 est
831 2621 874 2691 1,
902 2623 983 2672 cum
1012 2618 1068 2673 tot
1097 2597 1250 2698 ciphris,
1279 2612 1367 2703 quot
1394 2604 1529 2700 figurat„

414 2747 492 2823 sunt
513 2736 682 2844 absciffae',
708 2773 835 2850 nempe
854 2703 945 2873 32:33
972 2774 1048 2850 quae
1063 2746 1208 2852 quidem
1228 2748 1362 2851 negligi
1377 2750 1513 2853 potest,

413 2902 582 3001 quoniam
602 2920 808 2975 numerator
827 2925 896 2973 non
916 2898 1059 2996 excedit
1087 2898 1275 2975 dimidium
1305 2898 1513 2980 denomina-

414 3001 533 3093 toris,
547 3001 696 3103 ideoque
717 3022 876 3073 remanet
897 2998 986 3074 smus
1005 2998 1156 3097 46947.

511 3102 625 3200 Finge
655 3098 723 3190 jam
753 3126 799 3174 ex
820 3099 893 3174 srnu
919 3101 1070 3173 invento
1091 3121 1362 3198 5745291.745.
1392 3099 1436 3176 ad
1458 3128 1513 3179 ra·

412 3198 512 3275 dimn
535 3222 851 3275 10000000.000
870 3198 1077 3274 auferendas
1095 3201 1161 3272 effe
1183 3221 1253 3272 tres
1270 3201 1397 3298 figuras
1406 3227 1511 3300 7455

414 3321 453 3375 ut
478 3324 668 3377 revocetur
686 3298 732 3375 ad
751 3300 890 3375 radium
922 3321 1152 3373 10000000:
1180 3299 1218 3373 in
1246 3300 1311 3375 hoc
1341 3303 1419 3377 casu
1449 3308 1511 3382 fiet

413 3443 542 3526 iraciio
560 3424 646 3575 ἐξ
658 3503 671 3543 ,
696 3476 772 3555 quae
793 3472 962 3554 tanquam
988 3448 1190 3551 integrum,
1217 3449 1415 3527 assumenda
1438 3452 1511 3550 est,

413 3598 582 3699 quoniam
602 3622 810 3674 numerator
831 3599 968 3699 superat
988 3599 1177 3674 dimidium
1204 3598 1514 3701 denominatoris;

414 3696 497 3772 hinc
524 3699 661 3774 residuo
687 3699 769 3773 addi
799 3699 904 3774 debet
938 3698 1077 3790 unitas3
1105 3721 1212 3801 atque
1243 3699 1333 3773 adeo
1361 3727 1432 3774 non
1456 3731 1514 3779 re·

284 3831 289 3840 ·
412 3797 574 3873 manebit
613 3822 830 3912 57452912
851 3798 909 3872 sed
941 3819 1148 3895 5745292,
1177 3796 1267 3873 smus
1296 3797 1340 3871 ad
1370 3801 1514 3880 radium

418 3921 649 3990 10000000,
683 3925 743 4001 qur
779 3922 874 3998 prrus
903 3917 981 3971 erat
1011 3919 1268 3997 5745291745
1301 3898 1345 3973 ad
1371 3900 1513 3979 radium

418 4020 738 4074 10000000·000.

514 4098 657 4172 Paucis:
693 4096 817 4173 srduae
845 4096 987 4196 figure,
1016 4118 1078 4172 aut
1105 4118 1176 4173 tres
1201 4098 1295 4194 δια,
1321 4128 1397 4203 quae
1424 4100 1516 4194 abji-

414 4198 582 4292 ciuntur,
609 4199 686 4299 plus
706 4198 873 4287 valeant,
899 4197 1100 4299 quim-30,
1127 4222 1188 4275 aut
1210 4222 1286 4298 500
1307 4201 1399 4293 δια,
1430 4203 1517 4277 resr-

416 4300 487 4377 duo
505 4300 639 4401 semper
658 4296 817 4396 addenda
837 4296 886 4371 cst
904 4297 1042 4379 unitas.

1380 4404 1465 4475 ΟΒ.
