3500 5234
376 865 379 874 ·
449 826 486 900 6.
512 828 600 898 Haec
626 822 774 923 simplex
799 823 1004 899 observatio
1028 824 1197 925 opinione
1218 749 1466 917 majorem9at·

328 928 437 1003 ·tulit
462 924 637 1001 studium.
690 925 788 998 Nam
809 923 935 1038 primis
955 926 1162 1000 Geometris
1189 926 1319 1001 oborta
1345 926 1467 1003 statim

348 1028 398 1103 est
427 1027 499 1101 haec
531 1023 729 1123 cogitatio,
768 1051 825 1098 cur
855 1024 1024 1118 aualyfim
1055 1028 1318 1125 triangulorum
1357 1028 1465 1104 debe·

347 1153 449 1203 mus:
469 1126 663 1219 nimirum,
684 1124 709 1198 sr
724 1124 1028 1199 determinaretur
1043 1124 1080 1199 in
1096 1128 1252 1203 numeris
1270 1129 1374 1203 valor
1388 1156 1466 1204 om·

349 1229 452 1302 nium
478 1224 691 1300 chordarum
717 1226 954 1325 angulorum,
983 1225 1086 1298 facile
1118 1225 1181 1299 hac
1210 1228 1271 1305 via
1300 1229 1466 1329 cognosci

348 1328 486 1431 possent
506 1328 642 1420 latera,
670 1325 708 1399 &
727 1324 848 1425 anguli
870 1324 1022 1416 cujusvis
1043 1324 1237 1425 trianguli,
1256 1329 1295 1402 iu
1341 1356 1387 1404 uo
1402 1331 1464 1404 vel

348 1454 462 1502 uuum
482 1428 599 1520 latus,
625 1426 662 1501 δε
682 1427 755 1501 duo
774 1425 895 1526 anguli
915 1426 1111 1518 darentur,
1141 1426 1200 1499 vel
1226 1426 1299 1501 duo
1314 1357 1463 1525 intera,

332 1526 388 1602 ,δε
409 1553 497 1604 unus
517 1527 690 1627 angulus,
721 1528 780 1601 vel
802 1525 884 1600 deni
912 1551 955 1600 ue
977 1526 1048 1602 tria
1068 1527 1205 1601 latera.
1235 1571 1237 1575 v

450 1630 558 1719 Quod
580 1649 619 1703 ut
640 1627 747 1703 unico
764 1554 934 1729 exempio
952 1626 1179 1731 assequantur
1195 1625 1374 1722 Tirones,
1401 1658 1464 1706 an·

351 1751 496 1833 tequam
517 1730 554 1801 in
576 1727 666 1802 hanc
687 1726 940 1804 modiationem
962 1727 1166 1828 ingrediar,
1194 1753 1366 1829 ponamus
1385 1731 1466 1805 dari

349 1832 438 1905 duos
473 1831 620 1928 angulos
655 1834 714 1921 A,
746 1832 799 1920 B,
838 1827 877 1902 8<
904 1829 1000 1903 latus
1025 1831 1099 1900 AB
1125 1828 1300 1927 trianguli
1327 1833 1466 1903 ABG:

349 1932 448 2006 Dico
472 1929 620 2030 simplici
650 1930 772 2028 regula
792 1928 929 2020 trium,
956 1949 995 2002 ut
1016 1949 1172 2021 vocant,
1199 1926 1303 2002 facile
1323 1927 1466 2003 inveni·

349 2032 383 2105 ti
409 2033 571 2105 valorem
600 2028 822 2130 reliquorum
848 2029 1003 2100 laterum
1033 2032 1134 2118 AC,
1159 2030 1253 2101 CB.
1304 2032 1402 2102 Nam
1433 2032 1465 2101 1.

348 2131 443 2206 datis
473 2127 609 2204 duobus
638 2128 776 2226 angulis
805 2130 863 2218 A,
892 2130 943 2217 B,
974 2127 1079 2201 datur
1109 2127 1147 2201 &
1174 2126 1304 2203 tertius
1329 2132 1386 2223 C;
1413 2130 1463 2203 11.

348 2232 459 2323 Fiat,
475 2229 526 2303 Ur
544 2228 663 2304 chorda
680 2227 781 2325 dupli
799 2226 919 2323 anguli
936 2229 969 2299 C
989 2226 1034 2301 ad
1053 2226 1205 2302 chordam
1223 2228 1323 2324 dupli
1343 2229 1465 2326 anguli

348 2334 402 2426 B,
421 2336 474 2405 ita
493 2328 586 2403 latus
602 2332 676 2402 BA
692 2325 872 2428 oppofirum
887 2327 1010 2424 angulo
1026 2332 1082 2421 C,
1101 2328 1148 2403 ad
1161 2328 1254 2402 latur
1268 2333 1301 2401 C
1313 2333 1348 2401 A
1363 2352 1465 2429 oppo-

310 2505 312 2518 Α
341 2430 449 2534 fitam
469 2429 590 2527 angulo
608 2432 657 2502 Β.
683 2432 828 2520 Quare,
856 2429 880 2501 fi
901 2428 1229 2504 determinarentur
1249 2428 1287 2501 in
1304 2430 1463 2505 numeris

350 2531 491 2606 chordae
508 2529 668 2605 omnium
685 2531 920 2628 angulorum,
939 2530 992 2603 uti
1009 2555 1030 2603 a
1046 2528 1254 2605 Geometris
1270 2527 1465 2630 praessitom

351 2631 425 2725 est,
461 2632 498 2706 &
527 2629 718 2706 artificium
749 2656 835 2704 mox
862 2630 1066 2722 trademus,
1093 2653 1165 2705 tres
1184 2629 1292 2732 primi
1314 2629 1464 2704 termini

349 2731 453 2824 hujus
479 2730 720 2833 proportionis
738 2751 845 2805 erunt
864 2728 1025 2829 cogniti,
1050 2754 1198 2833 quartus
1217 2731 1338 2833 itaque
1358 2730 1462 2805 iuue-

349 2832 494 2908 nietur.
544 2830 679 2905 Eadem
709 2831 880 2905 methodo
899 2830 1200 2906 determinabitur
1219 2831 1314 2905 latus
1332 2833 1428 2903 CB.

451 2930 563 3006 Vides
589 2931 658 3023 iam
687 2955 820 3034 quanta
848 2932 1025 3006 facilitate
1055 2932 1236 3033 aperiatur
1265 2928 1462 3023 indeuia,

351 3054 415 3128 ut,
435 3031 643 3148 quibusdam
665 3031 780 3123 datis,
801 3031 838 3106 δε
858 3030 980 3131 anguli
1001 3032 1281 3131 cognoscantur,
1307 3028 1345 3102 &
1369 3030 1462 3102 late·

351 3161 391 3208 ra
416 3133 679 3232 triangulorum
708 3132 892 3223 omnium,
919 3130 944 3206 si
973 3132 1081 3207 modo
1101 3132 1139 3205 in
1159 3128 1317 3208 numeris
1335 3128 1464 3201 confici

352 3232 461 3335 poffet
492 3234 614 3310 tabula
643 3233 799 3305 omnium
823 3232 980 3323 hujusce·
1202 3288 1240 3368 C

352 3333 451 3407 modi
475 3333 708 3407 chordarum.
737 3335 779 3404 In
805 3332 895 3406 hauc
921 3358 982 3407 cu·
1141 3415 1148 3429 ,

351 3459 430 3508 ram
455 3434 544 3508 totis
574 3431 710 3507 viribus
741 3430 981 3505 incubuerunt

351 3532 495 3637 antiqui
516 3532 686 3636 perinde,
708 3531 982 3605 &recentiores

352 3638 583 3725 Geometrae,
600 3632 661 3735 qui
678 3630 915 3706 multoetiam
928 3633 983 3705 fo·
1042 3630 1056 3716 ς’

353 3760 392 3807 re
426 3735 645 3807 commodius
675 3732 920 3824 censuerunt,
957 3730 983 3805 sr

354 3834 541 3927 valorem,
558 3859 629 3908 nou
646 3832 866 3931 integratum
880 3833 983 3907 chor·
1049 3838 1069 3915 ’·,

355 3935 507 4027 darum,
536 3934 594 4009 sed
625 3932 765 4007 tantum
794 3933 983 4007 semiffium
1024 3904 1110 4015 Aa,
1179 4023 1182 4028 ¹

352 4035 584 4135 supputarent
613 4034 650 4108 iu
676 4033 855 4127 numeris,
885 4035 981 4137 quod

353 4135 481 4209 eodeni
493 4134 646 4229 recidit,
665 4140 758 4208 Nam
767 4132 892 4224 charde
894 4134 982 4234 suut

354 4238 442 4310 inter
451 4234 519 4336 se,
538 4235 591 4309 rui
610 4260 724 4311 earum
735 4228 908 4336 semiffi’r.
