<?xml version="1.0" encoding="UTF-8"?>
<!DOCTYPE html PUBLIC "-//W3C//DTD XHTML 1.0 Transitional//EN"
    "http://www.w3.org/TR/xhtml1/DTD/xhtml1-transitional.dtd">
<html xmlns="http://www.w3.org/1999/xhtml" xml:lang="en" lang="en">
 <head>
  <title>
</title>
<meta http-equiv="Content-Type" content="text/html;charset=utf-8" />
  <meta name='ocr-system' content='tesseract 3.04.00' />
  <meta name='ocr-capabilities' content='ocr_page ocr_carea ocr_par ocr_line ocrx_word'/>
</head>
<body>
  <div class='ocr_page' id='page_1' title='image "./trigonometriaet00leccgoog_0195.png"; bbox 0 0 3500 5234; ppageno 0'>
   <div class='ocr_carea' id='block_1_1' title="bbox 990 601 1121 646">
    <p class='ocr_par' dir='ltr' id='par_1_1' title="bbox 990 601 1121 646">
     <span class='ocr_line' id='line_1_1' title="bbox 990 601 1121 646; baseline 0 0"><span class='ocrx_word' id='word_1_1' title='bbox 990 601 997 618; x_wconf 76' lang='lat'><em>⁶</em></span> <span class='ocrx_word' id='word_1_2' title='bbox 1101 601 1121 646; x_wconf 67' lang='grc' dir='ltr'><strong><em>Ο</em></strong></span> 
     </span>
    </p>
   </div>
   <div class='ocr_carea' id='block_1_2' title="bbox 251 705 1363 2123">
    <p class='ocr_par' dir='ltr' id='par_1_2' title="bbox 483 705 1309 816">
     <span class='ocr_line' id='line_1_2' title="bbox 483 705 1309 816; baseline -0.002 -25"><span class='ocrx_word' id='word_1_3' title='bbox 483 705 1132 791; x_wconf 70' lang='lat' dir='ltr'><em>necuuoue&#39;Loeenieumtco.</em></span> <span class='ocrx_word' id='word_1_4' title='bbox 1236 739 1309 816; x_wconf 83' lang='lat'><em>¹77</em></span> 
     </span>
    </p>

    <p class='ocr_par' dir='ltr' id='par_1_3' title="bbox 257 813 1361 1125">
     <span class='ocr_line' id='line_1_3' title="bbox 357 813 1361 921; baseline 0.003 -28"><span class='ocrx_word' id='word_1_5' title='bbox 357 820 590 921; x_wconf 85' lang='lat' dir='ltr'>operationis</span> <span class='ocrx_word' id='word_1_6' title='bbox 618 815 714 888; x_wconf 81' lang='lat' dir='ltr'>ratio</span> <span class='ocrx_word' id='word_1_7' title='bbox 742 813 813 905; x_wconf 88' lang='lat' dir='ltr'><em>est,</em></span> <span class='ocrx_word' id='word_1_8' title='bbox 838 817 923 915; x_wconf 87' lang='lat' dir='ltr'>quia</span> <span class='ocrx_word' id='word_1_9' title='bbox 944 840 1171 891; x_wconf 87' lang='lat' dir='ltr'><em>numerorum</em></span> <span class='ocrx_word' id='word_1_10' title='bbox 1191 814 1361 895; x_wconf 86' lang='lat' dir='ltr'><em>differen-</em></span> 
     </span>
     <span class='ocr_line' id='line_1_4' title="bbox 257 914 1359 1022; baseline 0 -26"><span class='ocrx_word' id='word_1_11' title='bbox 257 920 318 998; x_wconf 85' lang='lat' dir='ltr'><em>tiae</em></span> <span class='ocrx_word' id='word_1_12' title='bbox 340 921 416 996; x_wconf 84' lang='lat' dir='ltr'><em>sunt</em></span> <span class='ocrx_word' id='word_1_13' title='bbox 437 918 651 992; x_wconf 78' lang='lat' dir='ltr'><em>differentiis</em></span> <span class='ocrx_word' id='word_1_14' title='bbox 671 914 964 1013; x_wconf 84' lang='lat' dir='ltr'>logarithmorum</span> <span class='ocrx_word' id='word_1_15' title='bbox 980 919 1084 1019; x_wconf 70' lang='lat' dir='ltr'><em>quim</em></span> <span class='ocrx_word' id='word_1_16' title='bbox 1100 918 1264 1019; x_wconf 68' lang='lat' dir='ltr'><em>proxime</em></span> <span class='ocrx_word' id='word_1_17' title='bbox 1279 948 1359 1022; x_wconf 88' lang='lat' dir='ltr'>pro·</span> 
     </span>
     <span class='ocr_line' id='line_1_5' title="bbox 257 1020 1204 1125; baseline -0.01 -28"><span class='ocrx_word' id='word_1_18' title='bbox 257 1023 498 1125; x_wconf 78' lang='lat' dir='ltr'><em>portionales.</em></span> <span class='ocrx_word' id='word_1_19' title='bbox 520 1020 668 1119; x_wconf 74' lang='lat' dir='ltr'><em>ltaque,</em></span> <span class='ocrx_word' id='word_1_20' title='bbox 1202 1034 1204 1036; x_wconf 80' lang='grc'><strong>’</strong></span> 
     </span>
    </p>

    <p class='ocr_par' dir='ltr' id='par_1_4' title="bbox 253 1112 1360 1320">
     <span class='ocr_line' id='line_1_6' title="bbox 358 1112 1360 1218; baseline 0.004 -25"><span class='ocrx_word' id='word_1_21' title='bbox 358 1125 421 1193; x_wconf 74' lang='lat' dir='ltr'><em>Uti</em></span> <span class='ocrx_word' id='word_1_22' title='bbox 435 1129 476 1218; x_wconf 73' lang='lat' dir='ltr'><em>je</em></span> <span class='ocrx_word' id='word_1_23' title='bbox 495 1118 593 1191; x_wconf 77' lang='lat' dir='ltr'><em>babet</em></span> <span class='ocrx_word' id='word_1_24' title='bbox 612 1139 740 1217; x_wconf 80' lang='lat'>7947,</span> <span class='ocrx_word' id='word_1_25' title='bbox 764 1112 960 1213; x_wconf 76' lang='lat' dir='ltr'><em>differentia</em></span> <span class='ocrx_word' id='word_1_26' title='bbox 973 1114 1237 1213; x_wconf 76' lang='lat' dir='ltr'><em>lngatitbmnrnm</em></span> <span class='ocrx_word' id='word_1_27' title='bbox 1251 1125 1290 1196; x_wconf 86' lang='lat' dir='ltr'><em>in</em></span> <span class='ocrx_word' id='word_1_28' title='bbox 1304 1142 1360 1197; x_wconf 80' lang='lat' dir='ltr'><em>m·</em></span> 
     </span>
     <span class='ocr_line' id='line_1_7' title="bbox 253 1224 600 1320; baseline -0.032 -22"><span class='ocrx_word' id='word_1_29' title='bbox 253 1224 345 1298; x_wconf 73' lang='lat' dir='ltr'><em>bulis</em></span> <span class='ocrx_word' id='word_1_30' title='bbox 365 1224 600 1320; x_wconf 66' lang='lat' dir='ltr'><em>existentium,</em></span> 
     </span>
    </p>

    <p class='ocr_par' dir='ltr' id='par_1_5' title="bbox 359 1315 1360 1415">
     <span class='ocr_line' id='line_1_8' title="bbox 359 1315 1360 1415; baseline 0.005 -23"><span class='ocrx_word' id='word_1_31' title='bbox 359 1321 403 1393; x_wconf 83' lang='lat' dir='ltr'><em>ad</em></span> <span class='ocrx_word' id='word_1_32' title='bbox 425 1344 466 1412; x_wconf 77' lang='lat' dir='ltr'><em>t,</em></span> <span class='ocrx_word' id='word_1_33' title='bbox 491 1316 718 1415; x_wconf 72' lang='lat' dir='ltr'><em>differentiam</em></span> <span class='ocrx_word' id='word_1_34' title='bbox 736 1341 941 1390; x_wconf 81' lang='lat' dir='ltr'><em>numerorum</em></span> <span class='ocrx_word' id='word_1_35' title='bbox 965 1316 1038 1389; x_wconf 70' lang='lat' dir='ltr'><em>iuis</em></span> <span class='ocrx_word' id='word_1_36' title='bbox 1064 1315 1325 1414; x_wconf 73' lang='lat' dir='ltr'><em>respondentium</em></span> <span class='ocrx_word' id='word_1_37' title='bbox 1334 1347 1360 1411; x_wconf 79' lang='lat'><em>‚·</em></span> 
     </span>
    </p>

    <p class='ocr_par' dir='ltr' id='par_1_6' title="bbox 255 1414 1360 1613">
     <span class='ocr_line' id='line_1_9' title="bbox 358 1414 1360 1515; baseline 0.007 -22"><span class='ocrx_word' id='word_1_38' title='bbox 358 1426 415 1493; x_wconf 84' lang='lat' dir='ltr'><em>Im</em></span> <span class='ocrx_word' id='word_1_39' title='bbox 446 1417 570 1515; x_wconf 82' lang='lat'>3366,</span> <span class='ocrx_word' id='word_1_40' title='bbox 595 1414 789 1515; x_wconf 74' lang='lat' dir='ltr'><em>differentia</em></span> <span class='ocrx_word' id='word_1_41' title='bbox 815 1416 1007 1514; x_wconf 79' lang='lat' dir='ltr'><em>lognriebmi</em></span> <span class='ocrx_word' id='word_1_42' title='bbox 1017 1414 1169 1515; x_wconf 68' lang='lat' dir='ltr'><em>proxime</em></span> <span class='ocrx_word' id='word_1_43' title='bbox 1187 1426 1360 1499; x_wconf 77' lang='lat' dir='ltr'><em>minorisa</em></span> 
     </span>
     <span class='ocr_line' id='line_1_10' title="bbox 255 1520 358 1613; baseline -0.049 -14"><span class='ocrx_word' id='word_1_44' title='bbox 255 1520 358 1613; x_wconf 76' lang='lat' dir='ltr'><em>dnm,</em></span> 
     </span>
    </p>

    <p class='ocr_par' dir='ltr' id='par_1_7' title="bbox 251 1616 1362 1820">
     <span class='ocr_line' id='line_1_11' title="bbox 359 1616 1362 1721; baseline 0 -28"><span class='ocrx_word' id='word_1_45' title='bbox 359 1621 403 1693; x_wconf 80' lang='lat' dir='ltr'><em>ad</em></span> <span class='ocrx_word' id='word_1_46' title='bbox 420 1618 668 1719; x_wconf 69' lang='lat' dir='ltr'><em>differentiam,</em></span> <span class='ocrx_word' id='word_1_47' title='bbox 694 1644 763 1715; x_wconf 85' lang='lat' dir='ltr'><em>qua</em></span> <span class='ocrx_word' id='word_1_48' title='bbox 782 1644 938 1692; x_wconf 82' lang='lat' dir='ltr'><em>numerus</em></span> <span class='ocrx_word' id='word_1_49' title='bbox 964 1618 1044 1694; x_wconf 81' lang='lat' dir='ltr'><em>dato</em></span> <span class='ocrx_word' id='word_1_50' title='bbox 1072 1616 1267 1716; x_wconf 69' lang='lat' dir='ltr'><em>ingatitbmo</em></span> <span class='ocrx_word' id='word_1_51' title='bbox 1293 1620 1362 1721; x_wconf 77' lang='lat' dir='ltr'><em>res·</em></span> 
     </span>
     <span class='ocr_line' id='line_1_12' title="bbox 251 1717 1064 1820; baseline -0.005 -25"><span class='ocrx_word' id='word_1_52' title='bbox 251 1720 423 1820; x_wconf 80' lang='lat' dir='ltr'><em>pendens,</em></span> <span class='ocrx_word' id='word_1_53' title='bbox 450 1720 577 1793; x_wconf 79' lang='lat' dir='ltr'><em>excedit</em></span> <span class='ocrx_word' id='word_1_54' title='bbox 597 1726 749 1792; x_wconf 82' lang='lat' dir='ltr'><em>minorem</em></span> <span class='ocrx_word' id='word_1_55' title='bbox 771 1745 942 1791; x_wconf 82' lang='lat' dir='ltr'><em>numerum</em></span> <span class='ocrx_word' id='word_1_56' title='bbox 965 1717 1064 1814; x_wconf 82' lang='lat'><strong>546.</strong></span> 
     </span>
    </p>

    <p class='ocr_par' dir='ltr' id='par_1_8' title="bbox 255 1817 1363 2123">
     <span class='ocr_line' id='line_1_13' title="bbox 359 1817 1362 1896; baseline 0.004 -4"><span class='ocrx_word' id='word_1_57' title='bbox 359 1819 499 1894; x_wconf 71' lang='lat' dir='ltr'><em>Fraeiio</em></span> <span class='ocrx_word' id='word_1_58' title='bbox 518 1822 665 1892; x_wconf 86' lang='lat' dir='ltr'><em>inventa</em></span> <span class='ocrx_word' id='word_1_59' title='bbox 686 1818 790 1891; x_wconf 75' lang='lat' dir='ltr'><em>facile</em></span> <span class='ocrx_word' id='word_1_60' title='bbox 812 1842 1003 1893; x_wconf 84' lang='lat' dir='ltr'>revocatur</span> <span class='ocrx_word' id='word_1_61' title='bbox 1023 1819 1066 1892; x_wconf 83' lang='lat' dir='ltr'><em>ad</em></span> <span class='ocrx_word' id='word_1_62' title='bbox 1088 1817 1278 1895; x_wconf 87' lang='lat' dir='ltr'>decimales</span> <span class='ocrx_word' id='word_1_63' title='bbox 1297 1845 1362 1896; x_wconf 89' lang='lat' dir='ltr'><em>nu·</em></span> 
     </span>
     <span class='ocr_line' id='line_1_14' title="bbox 255 1920 1363 2022; baseline -0.001 -27"><span class='ocrx_word' id='word_1_64' title='bbox 255 1946 397 2012; x_wconf 79' lang='lat' dir='ltr'><em>meros,</em></span> <span class='ocrx_word' id='word_1_65' title='bbox 423 1920 618 1993; x_wconf 88' lang='lat' dir='ltr'>dividendo</span> <span class='ocrx_word' id='word_1_66' title='bbox 638 1940 925 2011; x_wconf 82' lang='lat' dir='ltr'><em>numeratorem,</em></span> <span class='ocrx_word' id='word_1_67' title='bbox 940 1925 1030 2022; x_wconf 85' lang='lat' dir='ltr'><em>quot¹</em></span> <span class='ocrx_word' id='word_1_68' title='bbox 1048 1944 1135 2019; x_wconf 89' lang='lat' dir='ltr'>opus</span> <span class='ocrx_word' id='word_1_69' title='bbox 1147 1920 1284 2014; x_wconf 69' lang='lat' dir='ltr'><em>tuerit,</em></span> <span class='ocrx_word' id='word_1_70' title='bbox 1313 1920 1363 1994; x_wconf 88' lang='lat' dir='ltr'><em>ci·</em></span> 
     </span>
     <span class='ocr_line' id='line_1_15' title="bbox 256 2017 1360 2123; baseline 0.001 -29"><span class='ocrx_word' id='word_1_71' title='bbox 256 2022 355 2123; x_wconf 85' lang='lat' dir='ltr'>phris</span> <span class='ocrx_word' id='word_1_72' title='bbox 384 2020 548 2108; x_wconf 70' lang='lat' dir='ltr'><em>aneium,</em></span> <span class='ocrx_word' id='word_1_73' title='bbox 578 2043 639 2116; x_wconf 88' lang='lat' dir='ltr'><em>per</em></span> <span class='ocrx_word' id='word_1_74' title='bbox 659 2017 988 2110; x_wconf 86' lang='lat' dir='ltr'><em>denominatotem,</em></span> <span class='ocrx_word' id='word_1_75' title='bbox 1017 2023 1230 2122; x_wconf 87' lang='lat' dir='ltr'><em>contemptis</em></span> <span class='ocrx_word' id='word_1_76' title='bbox 1249 2019 1360 2095; x_wconf 88' lang='lat' dir='ltr'><em>etiam</em></span> 
     </span>
    </p>
   </div>
   <div class='ocr_carea' id='block_1_3' title="bbox 257 2116 1358 2224">
    <p class='ocr_par' dir='ltr' id='par_1_9' title="bbox 257 2116 1358 2224">
     <span class='ocr_line' id='line_1_16' title="bbox 257 2116 1358 2224; baseline -0.001 -28"><span class='ocrx_word' id='word_1_77' title='bbox 257 2120 482 2196; x_wconf 83' lang='lat' dir='ltr'>tenuioribus</span> <span class='ocrx_word' id='word_1_78' title='bbox 498 2117 684 2209; x_wconf 81' lang='lat' dir='ltr'>minutiis,</span> <span class='ocrx_word' id='word_1_79' title='bbox 701 2116 723 2189; x_wconf 77' lang='lat' dir='ltr'><em>si</em></span> <span class='ocrx_word' id='word_1_80' title='bbox 739 2139 870 2219; x_wconf 83' lang='lat' dir='ltr'>quotus</span> <span class='ocrx_word' id='word_1_81' title='bbox 885 2140 1068 2195; x_wconf 87' lang='lat' dir='ltr'>accuratus</span> <span class='ocrx_word' id='word_1_82' title='bbox 1084 2119 1206 2196; x_wconf 86' lang='lat' dir='ltr'><em>haberi</em></span> <span class='ocrx_word' id='word_1_83' title='bbox 1221 2122 1358 2224; x_wconf 87' lang='lat' dir='ltr'><em>nequit.</em></span> 
     </span>
    </p>
   </div>
   <div class='ocr_carea' id='block_1_4' title="bbox 256 2222 1011 2344">
    <p class='ocr_par' dir='ltr' id='par_1_10' title="bbox 256 2222 1011 2344">
     <span class='ocr_line' id='line_1_17' title="bbox 256 2222 1011 2344; baseline 0 0"><span class='ocrx_word' id='word_1_84' title='bbox 256 2270 319 2344; x_wconf 86' lang='lat' dir='ltr'><em>Sic</em></span> <span class='ocrx_word' id='word_1_85' title='bbox 340 2270 377 2342; x_wconf 90' lang='lat' dir='ltr'><em>in</em></span> <span class='ocrx_word' id='word_1_86' title='bbox 397 2268 515 2343; x_wconf 87' lang='lat' dir='ltr'>nostro</span> <span class='ocrx_word' id='word_1_87' title='bbox 533 2267 609 2341; x_wconf 86' lang='lat' dir='ltr'>casu</span> <span class='ocrx_word' id='word_1_88' title='bbox 630 2266 757 2343; x_wconf 71' lang='lat' dir='ltr'><em>fraeiio</em></span> <span class='ocrx_word' id='word_1_89' title='bbox 776 2222 863 2320; x_wconf 56' lang='lat' dir='ltr'><em>fif}</em></span> <span class='ocrx_word' id='word_1_90' title='bbox 883 2268 1011 2344; x_wconf 84' lang='lat' dir='ltr'>evadet</span> 
     </span>
    </p>
   </div>
   <div class='ocr_carea' id='block_1_5' title="bbox 253 2347 1148 2520">
    <p class='ocr_par' dir='ltr' id='par_1_11' title="bbox 253 2347 1148 2520">
     <span class='ocr_line' id='line_1_18' title="bbox 253 2347 1148 2520; baseline 0 -24"><span class='ocrx_word' id='word_1_91' title='bbox 253 2445 320 2498; x_wconf 81' lang='lat' dir='ltr'><em>rus</em></span> <span class='ocrx_word' id='word_1_92' title='bbox 338 2416 555 2519; x_wconf 78' lang='lat' dir='ltr'>logatithmo</span> <span class='ocrx_word' id='word_1_93' title='bbox 574 2417 658 2492; x_wconf 79' lang='lat' dir='ltr'>dato</span> <span class='ocrx_word' id='word_1_94' title='bbox 676 2347 916 2520; x_wconf 62' lang='lat' dir='ltr'><em>respoitiiiiis,⁸</em></span> <span class='ocrx_word' id='word_1_95' title='bbox 927 2417 1126 2518; x_wconf 83' lang='lat'>546.4236</span> <span class='ocrx_word' id='word_1_96' title='bbox 1136 2473 1148 2496; x_wconf 87' lang='lat'><strong>.</strong></span> 
     </span>
    </p>
   </div>
   <div class='ocr_carea' id='block_1_6' title="bbox 492 2618 1138 2896">
    <p class='ocr_par' dir='ltr' id='par_1_12' title="bbox 492 2618 1138 2896">
     <span class='ocr_line' id='line_1_19' title="bbox 492 2618 1138 2696; baseline 0.008 -6"><span class='ocrx_word' id='word_1_97' title='bbox 492 2618 1012 2693; x_wconf 89' lang='lat' dir='ltr'><strong>PROPOSITIO</strong></span> <span class='ocrx_word' id='word_1_98' title='bbox 1062 2620 1138 2696; x_wconf 78' lang='lat' dir='ltr'><em>IV.</em></span> 
     </span>
     <span class='ocr_line' id='line_1_20' title="bbox 620 2809 996 2896; baseline 0.011 -4"><span class='ocrx_word' id='word_1_99' title='bbox 620 2809 996 2896; x_wconf 71' lang='lat' dir='ltr'><em>Puoeteme.</em></span> 
     </span>
    </p>
   </div>
   <div class='ocr_carea' id='block_1_7' title="bbox 258 3018 1362 3724">
    <p class='ocr_par' dir='ltr' id='par_1_13' title="bbox 258 3018 1362 3724">
     <span class='ocr_line' id='line_1_21' title="bbox 262 3018 1360 3119; baseline -0.001 -22"><span class='ocrx_word' id='word_1_100' title='bbox 262 3042 353 3118; x_wconf 81' lang='lat'>207.</span> <span class='ocrx_word' id='word_1_101' title='bbox 468 3023 535 3096; x_wconf 79' lang='lat' dir='ltr'><em>Ate</em></span> <span class='ocrx_word' id='word_1_102' title='bbox 562 3018 756 3117; x_wconf 74' lang='lat' dir='ltr'><em>lugaritbmo</em></span> <span class='ocrx_word' id='word_1_103' title='bbox 782 3019 957 3097; x_wconf 80' lang='lat' dir='ltr'><em>excedente</em></span> <span class='ocrx_word' id='word_1_104' title='bbox 977 3043 1221 3117; x_wconf 85' lang='lat'>3.0000000,</span> <span class='ocrx_word' id='word_1_105' title='bbox 1244 3045 1360 3119; x_wconf 84' lang='lat' dir='ltr'><em>nempe</em></span> 
     </span>
     <span class='ocr_line' id='line_1_22' title="bbox 491 3119 1359 3219; baseline 0.001 -27"><span class='ocrx_word' id='word_1_106' title='bbox 491 3121 645 3195; x_wconf 81' lang='lat' dir='ltr'><em>ultimum</em></span> <span class='ocrx_word' id='word_1_107' title='bbox 675 3119 819 3211; x_wconf 71' lang='lat' dir='ltr'><em>tabule,</em></span> <span class='ocrx_word' id='word_1_108' title='bbox 848 3146 918 3219; x_wconf 78' lang='lat' dir='ltr'><em>qna</em></span> <span class='ocrx_word' id='word_1_109' title='bbox 946 3125 1073 3215; x_wconf 79' lang='lat' dir='ltr'><em>uteris,</em></span> <span class='ocrx_word' id='word_1_110' title='bbox 1102 3119 1359 3217; x_wconf 57' lang='lat' dir='ltr'><em>iogmhbmm,</em></span> 
     </span>
     <span class='ocr_line' id='line_1_23' title="bbox 260 3219 1335 3321; baseline -0.004 -26"><span class='ocrx_word' id='word_1_111' title='bbox 260 3221 471 3295; x_wconf 77' lang='lat' dir='ltr'><em>invenirem</em></span> <span class='ocrx_word' id='word_1_112' title='bbox 490 3222 596 3295; x_wconf 83' lang='lat' dir='ltr'><em>endem</em></span> <span class='ocrx_word' id='word_1_113' title='bbox 613 3248 734 3296; x_wconf 86' lang='lat' dir='ltr'><em>canone</em></span> <span class='ocrx_word' id='word_1_114' title='bbox 752 3246 921 3294; x_wconf 80' lang='lat' dir='ltr'><em>nnmerum</em></span> <span class='ocrx_word' id='word_1_115' title='bbox 941 3222 1047 3296; x_wconf 83' lang='lat' dir='ltr'><em>eidem</em></span> <span class='ocrx_word' id='word_1_116' title='bbox 1073 3219 1335 3321; x_wconf 77' lang='lat' dir='ltr'><em>respondentem.</em></span> 
     </span>
     <span class='ocr_line' id='line_1_24' title="bbox 364 3318 1361 3421; baseline 0.003 -29"><span class='ocrx_word' id='word_1_117' title='bbox 364 3321 553 3419; x_wconf 80' lang='lat' dir='ltr'><em>Resolmio.</em></span> <span class='ocrx_word' id='word_1_118' title='bbox 578 3323 616 3395; x_wconf 90' lang='lat' dir='ltr'><em>Si</em></span> <span class='ocrx_word' id='word_1_119' title='bbox 636 3323 709 3394; x_wconf 83' lang='lat' dir='ltr'>dati</span> <span class='ocrx_word' id='word_1_120' title='bbox 730 3321 938 3421; x_wconf 85' lang='lat' dir='ltr'>lugarithmi</span> <span class='ocrx_word' id='word_1_121' title='bbox 958 3318 1238 3395; x_wconf 67' lang='lat' dir='ltr'>charasteristica</span> <span class='ocrx_word' id='word_1_122' title='bbox 1259 3321 1361 3395; x_wconf 85' lang='lat' dir='ltr'>tabu·</span> 
     </span>
     <span class='ocr_line' id='line_1_25' title="bbox 258 3417 1362 3520; baseline 0 -26"><span class='ocrx_word' id='word_1_123' title='bbox 258 3417 380 3494; x_wconf 79' lang='lat' dir='ltr'>latum</span> <span class='ocrx_word' id='word_1_124' title='bbox 399 3446 569 3497; x_wconf 86' lang='lat' dir='ltr'><em>canonem</em></span> <span class='ocrx_word' id='word_1_125' title='bbox 590 3420 758 3511; x_wconf 84' lang='lat' dir='ltr'><em>excedit,</em></span> <span class='ocrx_word' id='word_1_126' title='bbox 784 3420 853 3509; x_wconf 84' lang='lat' dir='ltr'><em>jam</em></span> <span class='ocrx_word' id='word_1_127' title='bbox 872 3421 1024 3520; x_wconf 75' lang='lat' dir='ltr'><em>primum</em></span> <span class='ocrx_word' id='word_1_128' title='bbox 1045 3417 1216 3494; x_wconf 83' lang='lat' dir='ltr'>constabit</span> <span class='ocrx_word' id='word_1_129' title='bbox 1237 3443 1283 3491; x_wconf 87' lang='lat' dir='ltr'><em>ex</em></span> <span class='ocrx_word' id='word_1_130' title='bbox 1309 3419 1362 3494; x_wconf 89' lang='lat' dir='ltr'><em>di·</em></span> 
     </span>
     <span class='ocr_line' id='line_1_26' title="bbox 259 3515 1362 3624; baseline 0 -30"><span class='ocrx_word' id='word_1_131' title='bbox 259 3515 353 3612; x_wconf 71' lang='lat' dir='ltr'><em>ffis,</em></span> <span class='ocrx_word' id='word_1_132' title='bbox 379 3542 467 3624; x_wconf 89' lang='lat' dir='ltr'>quot</span> <span class='ocrx_word' id='word_1_133' title='bbox 487 3543 589 3595; x_wconf 79' lang='lat' dir='ltr'>notas</span> <span class='ocrx_word' id='word_1_134' title='bbox 608 3520 736 3593; x_wconf 86' lang='lat' dir='ltr'><em>habere</em></span> <span class='ocrx_word' id='word_1_135' title='bbox 757 3519 883 3592; x_wconf 85' lang='lat' dir='ltr'><em>debeat</em></span> <span class='ocrx_word' id='word_1_136' title='bbox 904 3519 1065 3623; x_wconf 76' lang='lat' dir='ltr'>quesitus</span> <span class='ocrx_word' id='word_1_137' title='bbox 1095 3542 1281 3612; x_wconf 80' lang='lat' dir='ltr'><em>numerus3</em></span> <span class='ocrx_word' id='word_1_138' title='bbox 1308 3541 1362 3594; x_wconf 90' lang='lat' dir='ltr'><em>to-</em></span> 
     </span>
     <span class='ocr_line' id='line_1_27' title="bbox 259 3617 1361 3724; baseline 0 -30"><span class='ocrx_word' id='word_1_139' title='bbox 259 3618 375 3694; x_wconf 87' lang='lat' dir='ltr'><em>tidem</em></span> <span class='ocrx_word' id='word_1_140' title='bbox 394 3646 541 3722; x_wconf 86' lang='lat' dir='ltr'><em>nempe,</em></span> <span class='ocrx_word' id='word_1_141' title='bbox 567 3640 655 3724; x_wconf 90' lang='lat' dir='ltr'>quot</span> <span class='ocrx_word' id='word_1_142' title='bbox 675 3617 956 3693; x_wconf 64' lang='lat' dir='ltr'><em>chutaeieristica</em></span> <span class='ocrx_word' id='word_1_143' title='bbox 976 3618 1183 3719; x_wconf 80' lang='lat' dir='ltr'>logarithmi</span> <span class='ocrx_word' id='word_1_144' title='bbox 1204 3617 1281 3694; x_wconf 81' lang='lat' dir='ltr'>dati</span> <span class='ocrx_word' id='word_1_145' title='bbox 1301 3620 1361 3694; x_wconf 77' lang='lat' dir='ltr'><em>ha·</em></span> 
     </span>
    </p>
   </div>
   <div class='ocr_carea' id='block_1_8' title="bbox 233 3715 1165 3822">
    <p class='ocr_par' dir='ltr' id='par_1_14' title="bbox 233 3715 1165 3822">
     <span class='ocr_line' id='line_1_28' title="bbox 233 3715 1165 3822; baseline 0.001 -29"><span class='ocrx_word' id='word_1_146' title='bbox 233 3771 236 3776; x_wconf 88' lang='lat'><em>·</em></span> <span class='ocrx_word' id='word_1_147' title='bbox 260 3715 321 3794; x_wconf 82' lang='lat' dir='ltr'><em>bet</em></span> <span class='ocrx_word' id='word_1_148' title='bbox 343 3720 522 3815; x_wconf 83' lang='lat' dir='ltr'><em>unitates,</em></span> <span class='ocrx_word' id='word_1_149' title='bbox 547 3747 587 3794; x_wconf 83' lang='lat' dir='ltr'><em>ac</em></span> <span class='ocrx_word' id='word_1_150' title='bbox 607 3740 776 3821; x_wconf 85' lang='lat' dir='ltr'><em>praeterea</em></span> <span class='ocrx_word' id='word_1_151' title='bbox 797 3741 925 3811; x_wconf 81' lang='lat' dir='ltr'><em>unam3</em></span> <span class='ocrx_word' id='word_1_152' title='bbox 944 3746 1015 3822; x_wconf 90' lang='lat' dir='ltr'><em>quo</em></span> <span class='ocrx_word' id='word_1_153' title='bbox 1032 3719 1165 3822; x_wconf 85' lang='lat' dir='ltr'>pofito,</span> 
     </span>
    </p>
   </div>
   <div class='ocr_carea' id='block_1_9' title="bbox 258 3818 1363 4120">
    <p class='ocr_par' dir='ltr' id='par_1_15' title="bbox 258 3818 1363 4120">
     <span class='ocr_line' id='line_1_29' title="bbox 279 3818 1360 3920; baseline 0.003 -28"><span class='ocrx_word' id='word_1_154' title='bbox 279 3898 281 3902; x_wconf 65' lang='grc'>,</span> <span class='ocrx_word' id='word_1_155' title='bbox 361 3821 452 3895; x_wconf 88' lang='lat' dir='ltr'><em>LA</em></span> <span class='ocrx_word' id='word_1_156' title='bbox 480 3822 566 3896; x_wconf 83' lang='lat' dir='ltr'>dato</span> <span class='ocrx_word' id='word_1_157' title='bbox 594 3818 812 3920; x_wconf 84' lang='lat' dir='ltr'>logarithmo</span> <span class='ocrx_word' id='word_1_158' title='bbox 843 3818 1024 3901; x_wconf 57' lang='lat' dir='ltr'><em>auferetur</em></span> <span class='ocrx_word' id='word_1_159' title='bbox 1044 3819 1278 3919; x_wconf 81' lang='lat' dir='ltr'>logatithmus</span> <span class='ocrx_word' id='word_1_160' title='bbox 1296 3846 1360 3895; x_wconf 88' lang='lat' dir='ltr'><em>nu·</em></span> 
     </span>
     <span class='ocr_line' id='line_1_30' title="bbox 258 3917 1362 4017; baseline 0.001 -23"><span class='ocrx_word' id='word_1_161' title='bbox 258 3918 353 3994; x_wconf 86' lang='lat' dir='ltr'><em>meri</em></span> <span class='ocrx_word' id='word_1_162' title='bbox 377 3945 447 4014; x_wconf 90' lang='lat'><em>10,</em></span> <span class='ocrx_word' id='word_1_163' title='bbox 470 3944 566 4014; x_wconf 89' lang='lat'>100,</span> <span class='ocrx_word' id='word_1_164' title='bbox 589 3942 711 4013; x_wconf 83' lang='lat'>10003</span> <span class='ocrx_word' id='word_1_165' title='bbox 739 3941 776 3994; x_wconf 92' lang='lat' dir='ltr'><em>ut</em></span> <span class='ocrx_word' id='word_1_166' title='bbox 796 3917 929 3993; x_wconf 88' lang='lat' dir='ltr'>scilicet</span> <span class='ocrx_word' id='word_1_167' title='bbox 950 3920 1122 3996; x_wconf 82' lang='lat' dir='ltr'><em>residuum</em></span> <span class='ocrx_word' id='word_1_168' title='bbox 1142 3919 1182 3996; x_wconf 87' lang='lat' dir='ltr'><em>fit</em></span> <span class='ocrx_word' id='word_1_169' title='bbox 1199 3920 1362 4017; x_wconf 73' lang='lat' dir='ltr'><em>proxime</em></span> 
     </span>
     <span class='ocr_line' id='line_1_31' title="bbox 260 4019 1363 4120; baseline 0.002 -29"><span class='ocrx_word' id='word_1_170' title='bbox 260 4021 380 4095; x_wconf 83' lang='lat' dir='ltr'><em>minus</em></span> <span class='ocrx_word' id='word_1_171' title='bbox 397 4022 615 4120; x_wconf 84' lang='lat' dir='ltr'>lugarithmo</span> <span class='ocrx_word' id='word_1_172' title='bbox 636 4043 881 4118; x_wconf 83' lang='lat'>3.0000000;</span> <span class='ocrx_word' id='word_1_173' title='bbox 907 4020 973 4094; x_wconf 92' lang='lat' dir='ltr'><em>hoc</em></span> <span class='ocrx_word' id='word_1_174' title='bbox 993 4019 1063 4114; x_wconf 82' lang='lat' dir='ltr'><em>est,</em></span> <span class='ocrx_word' id='word_1_175' title='bbox 1089 4019 1156 4113; x_wconf 82' lang='lat' dir='ltr'><em>ejut</em></span> <span class='ocrx_word' id='word_1_176' title='bbox 1299 4021 1363 4094; x_wconf 68' lang='lat' dir='ltr'><em>&#39;ie-</em></span> 
     </span>
    </p>
   </div>
   <div class='ocr_carea' id='block_1_10' title="bbox 201 4111 1363 4226">
    <p class='ocr_par' dir='ltr' id='par_1_16' title="bbox 201 4111 1363 4226">
     <span class='ocr_line' id='line_1_32' title="bbox 201 4111 1363 4226; baseline 0 -32"><span class='ocrx_word' id='word_1_177' title='bbox 201 4127 207 4139; x_wconf 80' lang='lat'>&#39;</span> <span class='ocrx_word' id='word_1_178' title='bbox 261 4111 380 4194; x_wconf 81' lang='lat' dir='ltr'>eistica</span> <span class='ocrx_word' id='word_1_179' title='bbox 401 4143 456 4196; x_wconf 91' lang='lat' dir='ltr'><em>tot</em></span> <span class='ocrx_word' id='word_1_180' title='bbox 479 4122 674 4197; x_wconf 84' lang='lat' dir='ltr'>unitatibus</span> <span class='ocrx_word' id='word_1_181' title='bbox 694 4120 910 4216; x_wconf 72' lang='lat' dir='ltr'><em>muleietur,</em></span> <span class='ocrx_word' id='word_1_182' title='bbox 935 4142 1022 4226; x_wconf 87' lang='lat' dir='ltr'>quot</span> <span class='ocrx_word' id='word_1_183' title='bbox 1050 4143 1138 4224; x_wconf 72' lang='lat' dir='ltr'>opus</span> <span class='ocrx_word' id='word_1_184' title='bbox 1322 4142 1363 4195; x_wconf 90' lang='lat' dir='ltr'><em>ut</em></span> 
     </span>
    </p>
   </div>
   <div class='ocr_carea' id='block_1_11' title="bbox 264 4215 870 4400">
    <p class='ocr_par' dir='ltr' id='par_1_17' title="bbox 264 4215 870 4400">
     <span class='ocr_line' id='line_1_33' title="bbox 264 4215 772 4325; baseline 0.002 -30"><span class='ocrx_word' id='word_1_185' title='bbox 264 4215 456 4310; x_wconf 75' lang='lat' dir='ltr'>iutabulis</span> <span class='ocrx_word' id='word_1_186' title='bbox 475 4221 631 4298; x_wconf 83' lang='lat' dir='ltr'><em>inveniri</em></span> <span class='ocrx_word' id='word_1_187' title='bbox 648 4220 772 4325; x_wconf 82' lang='lat' dir='ltr'>poffit.</span> 
     </span>
     <span class='ocr_line' id='line_1_34' title="bbox 363 4321 870 4400; baseline -0.006 0"><span class='ocrx_word' id='word_1_188' title='bbox 363 4324 415 4400; x_wconf 76' lang='lat' dir='ltr'><em>T·</em></span> <span class='ocrx_word' id='word_1_189' title='bbox 438 4326 515 4398; x_wconf 79' lang='grc' dir='ltr'><strong><em>ΙΙΙ.</em></strong></span> <span class='ocrx_word' id='word_1_190' title='bbox 824 4321 870 4397; x_wconf 88' lang='grc' dir='ltr'><strong>Μ</strong></span> 
     </span>
    </p>
   </div>
   <div class='ocr_carea' id='block_1_12' title="bbox 0 0 1782 5234">
    <p class='ocr_par' dir='ltr' id='par_1_18' title="bbox 0 0 1782 5234">
     <span class='ocr_line' id='line_1_35' title="bbox 0 0 1782 5234; baseline 0 0"><span class='ocrx_word' id='word_1_191' title='bbox 0 0 1782 5234; x_wconf 95' lang='lat' dir='ltr'><em> </em></span> 
     </span>
    </p>
   </div>
  </div>
 </body>
</html>
