3500 5234
478 430 543 503 Dr
566 429 751 504 Curione
775 428 1131 509 Loouitrriinrrc'o·
1226 455 1298 529 147

467 632 984 708 PROPOSITIO
1031 633 1136 707 vll.

617 835 992 906 Pronurus.

258 1036 344 1111 182·
420 1037 545 1131 Cipum
563 1036 696 1108 canonis
714 1030 936 1129 lugarirbmr'ci‘
955 1032 1106 1127 aperire.

357 1035 414 1225 S
518 1134 628 1236 Resol.
655 1136 684 1205 Ι.
710 1131 1023 1233 Logarithmorum
1039 1132 1193 1206 calculus
1212 1133 1254 1206 ad
1271 1135 1346 1210 usus

255 1232 578 1334 Trigonomerriae,
605 1234 641 1308 &
661 1232 795 1307 sinuum
815 1232 1114 1306 inveniendorum
1134 1232 1280 1306 minimb
1301 1234 1350 1307 es·

254 1334 305 1409 set
318 1335 622 1427 accommodatus,
642 1333 664 1407 fi
685 1334 775 1407 nihil
795 1333 891 1406 aliud
910 1353 1108 1435 quaereret,
1127 1331 1233 1445 qu'am
1253 1333 1351 1431 loga·

253 1434 406 1509 rithmus
436 1461 558 1509 eorum
587 1435 776 1508 dumtaxat
807 1457 1059 1522 numerorum,
1083 1458 1146 1544 qut
1175 1432 1292 1505 forent
1313 1433 1351 1508 in

253 1533 373 1638 aliqua
395 1560 441 1608 ex
460 1534 565 1607 diblis
585 1532 879 1633 progreslionibus
894 1530 1140 1630 geometricis.
1166 1531 1290 1605 Latids
1306 1532 1350 1606 ad

254 1631 461 1725 interjedios
489 1657 654 1706 numeros
683 1630 900 1704 extendatur
926 1651 1092 1744 oportet,
1125 1630 1228 1704 utin
1257 1630 1349 1706 hisce

253 1734 365 1807 etiarn
385 1732 515 1805 endem
536 1729 760 1831 operationes
780 1729 1039 1823 arithmetico,
1056 1729 1133 1831 pari
1149 1729 1348 1828 facilitate,

254 1856 297 1910 ac
320 1832 500 1905 brevitate
519 1827 679 1904 exerceri
724 1829 847 1904 olsint.
1350 1836 1353 1841 '

357 1931 406 2001 11.
432 1930 528 2020 Quia
567 1928 654 2003 verb
691 1855 743 2002 siis
779 1927 968 2031 unicuique
997 1928 1045 2003 ell
1074 1928 1346 2030 progressionem

255 2029 456 2129 quamlibet
485 2037 550 2129 pro
576 2026 727 2101 arbitrio
753 2026 922 2127 seligere3
946 2027 1028 2102 hinc
1058 2030 1187 2104 fabium
1208 2029 1278 2124 est,
1306 2054 1346 2108 ut

252 2126 455 2221 Auslores,
480 2128 540 2234 qui
561 2126 697 2202 tabulas
716 2124 974 2219 condiderunt,
1001 2130 1270 2230 progressionem
1288 2133 1348 2206 de·

252 2226 393 2328 cuplam
419 2249 462 2319 1,
491 2250 561 2321 ro,
582 2249 655 2302 100
677 2226 744 2300 &o
759 2225 1003 2328 assumpserint
1024 2255 1088 2329 pro
1106 2231 1347 2328 geometrica,

252 2349 294 2399 ac
314 2352 500 2419 numeros,
526 2325 587 2429 qui
607 2328 639 2401 sc
658 2326 862 2401 seinvicem
882 2327 1045 2427 superent
1065 2329 1188 2404 eodem
1214 2330 1348 2430 semper

228 2423 390 2499 excelsu
422 2448 656 2517 tooooooo,
694 2453 758 2527 pro
786 2426 1041 2523 arithmetica;
1069 2428 1347 2505 commodiorem

252 2524 342 2599 verb
369 2525 468 2601 illam
497 2526 790 2627 logaritlimorum
821 2527 969 2627 speciem
998 2528 1235 2622 invexerint,
1268 2555 1346 2633 qua

251 2623 411 2728 eipbram
431 2625 531 2725 ponit
560 2652 624 2727 pro
652 2624 869 2723 lugarithmo
899 2626 1070 2720 unitatis,
1105 2627 1141 2702 &
1172 2630 1347 2704 unitatem

252 2749 335 2797 cum
362 2724 538 2828 aliquibus
570 2723 701 2840 ciphris
729 2749 793 2823 pro

251 2823 469 2935 logaritbmo
479 2824 637 2917 denarii,
657 2849 794 2900 cocon-

252 2919 354 3016 filio,
382 2944 446 3017 ut,
474 2949 561 3027 quos
587 2923 791 2999 observavi·

252 3045 332 3096 mus
356 3021 431 3097 usus
460 3049 496 3096 n.
525 3045 595 3115 14,
627 3019 791 3117 15,16,

250 3117 290 3193 in
318 3121 583 3221 operationibus
618 3121 792 3221 multipli-

248 3219 424 3313 cationis,
451 3219 488 3295 δε
508 3218 711 3310 divisionis,
731 3222 792 3292 dc·

247 3318 362 3393 rivari
383 3320 485 3393 facile
506 3318 638 3422 possent
664 3318 701 3391 in
730 3318 793 3393 hu·

817 2779 1050 2875 Progngeonr.
1115 2774 1347 2874 Prognarirb.

1003 2898 1020 2950 1
1123 2899 1348 2950 0.ooooooo

972 2996 1019 3046 10
1129 2996 1349 3050 1.0000000

947 3095 1022 3144 100
1124 3096 1349 3150 2.0000000

921 3193 1023 3244 1000
1125 3196 1347 3269 3.ooooooo

895 3293 1023 3343 10000
1121 3294 1347 3365 40000000

751 3418 791 3492 h·
871 3392 1024 3443 100000
1125 3394 1349 3468 5.0000000

248 3416 398 3510 jusmodi
415 3445 588 3495 canonem
616 3416 747 3522 logarit
845 3490 1025 3542 1000000
1125 3470 1349 3550 6.0000000

246 3543 402 3597 micum.

350 3621 417 3693 ΙΙΙ.
442 3618 594 3694 Denarii
622 3616 856 3719 logarithmus
876 3621 999 3694 uarius
1011 3620 1096 3714 piar
1222 3622 1307 3699 '‘tier
1322 3643 1352 3700 rr

250 3719 483 3806 Auslmibm
502 3726 721 3817 prostremam
739 3724 858 3792 varius
867 3718 1038 3819 statuitur
1049 3715 1076 3822 ,s
1286 3622 1348 3826 se

249 3816 388 3891 radius.
413 3820 506 3893 Cdm
532 3820 627 3894 enirn
656 3817 862 3919 logarithmi
882 3819 1056 3895 reseranti
1287 3823 1344 3899 rio·

250 3942 335 3994 nem
361 3916 496 3995 sinuum
505 3970 520 4013 ,
544 3916 891 4093 tangentiumK&c.,
916 3939 956 3995 ut
987 3943 1035 3996 ex
1299 3943 1336 4000 te·

834 4041 857 4095 2
