3500 5234
380 742 453 819 150
561 723 946 795 Tmoomommm
970 723 1077 795 Pius
1103 720 1171 793 111.

327 847 408 897 tum
428 818 679 920 negliguntur,
698 820 835 894 nullum
855 819 1005 896 afferant
1026 821 1220 896 sensibilem
1240 845 1416 894 errorem.

325 922 395 1012 His
414 920 660 994 animadverfis

426 1020 505 1093 Sint
525 1024 559 1091 Α
579 1018 615 1092 8(
635 1021 665 1091 Ζ
684 1016 721 1092 hi
741 1018 812 1093 duo
831 1018 968 1093 numeri
988 1042 1004 1092 1
1024 1020 1060 1093 &
1080 1041 1126 1094 10
1143 1021 1272 1121 septem
1288 1018 1418 1119 ciphris

329 1119 449 1211 auoii,
474 1118 535 1221 qui
555 1118 650 1193 inter
670 1118 701 1191 se
721 1119 1025 1219 multiplicentur3
1049 1119 1087 1195 ἃ
1113 1121 1156 1195 ab
1186 1146 1307 1196 eorum
1340 1146 1418 1219 pro·

326 1219 434 1293 dubio
457 1241 848 1292 100000000000000
869 1221 1081 1293 extrahatur
1100 1219 1202 1293 radix
1222 1220 1418 1322 quadrata,

327 1320 387 1392 vel
416 1318 527 1417 magis
553 1318 716 1417 proxima
745 1322 773 1391 B
805 1316 1031 1415 31622777.
1066 1320 1137 1393 Hic
1165 1345 1330 1394 numerus
1351 1318 1419 1393 erit

326 1417 462 1492 medius
480 1417 715 1517 geometricus
731 1415 826 1490 inter
847 1422 880 1489 A
901 1417 937 1491 &
959 1420 1010 1491 Z.
1045 1418 1255 1493 Inveniatur
1285 1419 1418 1519 pariter

325 1518 461 1591 medius
489 1515 763 1617 proportionalis
792 1515 1038 1591 arithmeticus
1065 1518 1161 1592 inter
1187 1519 1419 1618 logarithmos

325 1639 553 1691 numerorum
583 1621 617 1688 Α
645 1616 682 1688 &
712 1616 764 1708 Z,
792 1615 887 1715 quod
916 1616 1154 1691 obtinebimus
1181 1622 1247 1711 (n.
1280 1616 1419 1715 πόᾳ),

327 1717 553 1791 fiaddantur
587 1714 687 1787 simul
717 1740 838 1787 eorum
878 1715 1083 1813 logarithmi
1123 1740 1336 1789 oooooooo
1384 1717 1420 1788 &

329 1838 560 1905 10000000,
586 1839 736 1917 quorum
757 1814 888 1888 summa
908 1814 955 1887 est
980 1838 1210 1909 10000000,
1243 1816 1341 1906 cujus
1369 1817 1417 1889 se·

324 1916 431 1989 rniffis
450 1937 662 2008 03000000
683 1914 750 1988 erit
771 1912 908 1988 medius
932 1913 1199 2010 arithmeticus,
1224 1916 1286 2017 qui
1317 1941 1337 1989 e
1366 1941 1420 1989 re·

323 2015 428 2113 gione
449 2013 594 2113 ponitur
614 2013 732 2088 medio
750 2014 971 2114 geometiico
990 2018 1040 2087 B.

423 2110 629 2203 jamvero,
654 2112 678 2185 fi
698 2140 809 2213 nuper
828 2114 996 2189 inventus
1020 2113 1155 2189 medius
1183 2113 1418 2213 geometricus

323 2215 375 2302 B,
402 2210 494 2284 foret
521 2233 752 2307 30000000,
778 2213 985 2288 haberemus
1003 2213 1177 2314 idipsum,
1201 2214 1297 2316 quod
1324 2240 1418 2317 quae·

325 2310 461 2402 rimus3
489 2308 527 2384 &
557 2310 692 2383 modius
718 2310 964 2385 arithmeticus
982 2336 1193 2406 05000000
1214 2313 1297 2387 effet
1316 2312 1419 2414 ipfius

323 2410 589 2511 logarithmus.
657 2407 749 2481 com
787 2431 908 2482 autem
946 2410 1081 2485 medius
1118 2412 1353 2510 geometricus
1388 2417 1417 2486 B

327 2510 531 2609 31622777
550 2505 663 2583 ma'or
681 2508 722 2583 fit
748 2533 896 2583 numero
926 2533 1158 2605 30000000,
1184 2533 1351 2612 oportet,
1377 2534 1419 2586 ut

322 2610 419 2685 inter
439 2610 529 2683 hunc
549 2536 704 2685 meiium
726 2613 754 2682 B
774 2608 968 2701 majorem,
996 2610 1033 2684 &
1052 2636 1235 2685 numerum
1252 2617 1287 2684 A
1303 2611 1419 2704 mino·

323 2736 399 2784 rem
423 2731 600 2812 quaeratur
620 2708 755 2788 medius
774 2709 1008 2809 geometricus
1025 2713 1081 2804 C,
1107 2710 1144 2785 &
1171 2711 1267 2787 inter
1295 2737 1418 2787 eorum

323 2809 556 2909 logatithmos
574 2809 708 2883 medius
727 2808 995 2883 arithmeticus.

420 2909 597 2983 Secundus
617 2908 673 2984 hic
694 2910 828 2984 medius
847 2908 1080 3007 geometricus
1099 2912 1132 2982 C
1152 2908 1268 2984 minor
1289 2909 1416 3024 utique

320 3005 371 3084 est
387 3035 534 3083 numero
554 3033 786 3105 300000003
812 3008 867 3086 sed
884 3009 927 3084 ad
949 3009 1109 3084 eumdem
1127 3010 1237 3109 magis
1253 3011 1416 3103 accedit,

319 3110 427 3210 quim
445 3134 606 3183 numerus
628 3114 681 3181 A.
716 3110 841 3211 Itaque
866 3108 989 3182 omisso
1016 3136 1163 3185 numero
1194 3116 1255 3201 A,
1280 3136 1415 3213 quaera·

323 3230 383 3286 tur
403 3208 515 3284 tertio
532 3208 668 3283 medius
679 3207 915 3307 geometricus
934 3211 993 3300 D,
1018 3209 1112 3283 inter
1133 3214 1166 3281 C
1186 3210 1223 3283 &
1242 3213 1293 3303 B,
1318 3210 1356 3282 8(
1375 3211 1414 3286 in

321 3310 481 3409 qualibet
499 3309 706 3409 operatione
725 3329 902 3411 quaeratur
920 3308 1055 3408 pariter
1080 3309 1215 3384 medius
1243 3308 1416 3384 arithme-

322 3409 413 3483 ticus
433 3409 527 3483 inter
544 3435 666 3483 eorum
690 3408 945 3506 logarithmos.

420 3509 491 3581 Hic
520 3510 649 3583 tertius
676 3507 810 3582 medius
833 3506 1069 3607 geometricus
1097 3510 1134 3581 D
1162 3508 1275 3583 adhuc
1294 3506 1415 3581 minor

321 3604 369 3680 est
387 3632 535 3682 numero
556 3630 784 3706 30000000,
799 3608 857 3682 cui
874 3629 991 3682 tamen
1008 3608 1204 3709 proximior
1218 3605 1289 3698 efl,
1305 3608 1413 3708 quim

321 3732 485 3783 numerus
504 3710 557 3780 C.
592 3708 797 3781 omittatur
816 3706 937 3809 itaque
956 3710 1011 3801 C;
1035 3727 1281 3809 quaeraturque
1306 3730 1414 3807 quar·

320 3829 378 3883 tus
396 3806 530 3881 medius
549 3808 782 3905 geometricus
802 3810 857 3899 E,
884 3809 979 3882 inter
998 3807 1035 3878 D
1051 3806 1087 3879 &
1116 3810 1164 3879 B.

418 3905 510 3980 Cim
530 3931 650 3982 autem
670 3928 815 4009 quartus
836 3908 1001 3981 inventus
1020 3903 1154 3980 medius
1175 3904 1411 4003 geometricus

320 4007 482 4080 Eadhuc
502 4006 618 4082 minor
636 4007 677 4082 sit
699 4033 845 4081 numero
869 4026 1101 4100 30000000,
1125 4006 1332 4105 quaerendus
1359 4007 1412 4079 in·

321 4130 376 4183 ter
398 4108 482 4180 E&
503 4111 553 4197 B,
578 4107 722 4210 quintus
743 4109 793 4198 1²3
820 4106 882 4208 qui
907 4102 986 4176 cim
1006 4103 1118 4177 adhuc
1138 4103 1178 4178 fit
1204 4106 1321 4179 minor
1347 4133 1410 4179 nu·

319 4234 420 4283 mero
441 4230 673 4305 30000000,
696 4206 830 4282 eadem·
839 4201 1009 4302 methodo
1027 4205 1232 4308 quaerendus
1257 4205 1353 4282 inter
1381 4205 1411 4279 F

320 4306 358 4382 8<
377 4313 428 4404 B,
454 4308 571 4383 sextus
591 4311 648 4381 G.
1288 4403 1340 4484 H·

1330 4428 1362 4478 ιε
