3500 5234
424 728 1162 809 Tniconomminl’mll.
1249 734 1301 833 67

485 896 1006 972 PROPOSITIO
1056 901 1113 975 11.

600 1063 995 1140 Tnnonssmi.

239 1228 313 1328 78.
325 1227 413 1414 ΙΝ
426 1230 515 1301 nmm'
532 1229 700 1325 triangulo
718 1231 905 1327 rettenguto
916 1229 1014 1334 fimes
1032 1253 1119 1307 totus
1136 1233 1185 1335 est
1203 1235 1249 1309 ad
1273 1256 1352 1312 tan·

389 1349 524 1424 gentem
564 1336 687 1423 unius,
721 1353 783 1406 ant
818 1332 960 1406 attentus
991 1334 1127 1408 dantum
1154 1337 1353 1430 angularem

247 1450 442 1520 acutarum,
468 1428 520 1503 m)
547 1428 640 1503 latus
668 1431 827 1527 adjacens
854 1430 934 1510 buta
951 1435 1096 1534 angult,
1124 1432 1175 1535 est
1196 1435 1240 1508 ad
1260 1436 1353 1514 latus

246 1530 431 1632 oppofitttm
448 1531 553 1603 eidem
572 1531 713 1626 angulo.

353 1634 600 1731 Demonstratin
631 1653 729 1733 patet
755 1658 802 1708 ex
839 1658 875 1707 n.

256 1729 317 1802 16.
338 1730 375 1804 &
403 1727 466 1804 26.
488 1735 607 1823 Nam,
633 1732 657 1805 si
682 1733 776 1809 latus
802 1737 877 1807 AB
1349 1777 1352 1782 ·

250 1830 442 1905 astumatur
464 1852 632 1934 tanquam
654 1833 797 1923 radius,
825 1834 878 1905 la·
1196 1917 1206 1939 .

251 1931 533 2005 tusACevadit
547 1952 694 2029 tangens
706 1930 827 2029 anguli
838 1934 880 2004 B.

351 2029 543 2120 Similiter,
559 2029 584 2101 fi
601 2031 695 2103 latus
711 2032 788 2102 AC
798 2054 883 2103 con·

250 2128 425 2203 fideretur
447 2151 617 2230 tanquam
628 2128 770 2220 radius,
788 2129 881 2202 latus
919 2181 924 2225 ;

248 2234 327 2302 AB
357 2227 480 2301 evadit
512 2250 659 2326 tangens
680 2228 880 2326 anguli&
912 2215 970 2329 Ᾰξ
1281 2254 1320 2332 Β

248 2354 292 2401 ac
312 2327 458 2429 proinde
476 2328 591 2418 ratio,
611 2353 717 2429 quam
736 2328 843 2402 habet
891 2375 893 2381 ,
965 2340 974 2358 “

248 2431 359 2501 Rata
379 2432 473 2518 AB,
494 2424 695 2526 coteſsderata
712 2429 820 2528 instar
837 2427 955 2517 tedii,
1037 2495 1040 2502 .

249 2528 296 2601 ad
315 2530 411 2618 AC,
431 2524 664 2628 confideratam
683 2531 791 2625 instar
808 2526 1007 2625 tangentis,

247 2628 296 2701 est
316 2628 452 2728 prorsus
471 2626 617 2720 eadem,
643 2654 683 2702 ac
704 2630 744 2703 sit
765 2629 884 2720 ratio,
907 2649 1015 2730 quam
1033 2623 1142 2701 habet

247 2727 364 2802 eadem
384 2731 480 2819 AB,
500 2741 662 2827 ttnqnam
680 2728 794 2820 latus,

248 2828 295 2901 nd
314 2830 415 2919 AC,
436 2847 598 2926 tanquam
617 2827 710 2902 latus
731 2829 897 2903 alterum.

300 3026 321 3099 s
344 2929 445 3040 Nam
465 2926 567 3003 lineae
585 2950 731 3003 manent
749 2928 887 3030 prorsus
906 2925 1037 3002 eaedem
1055 2924 1094 3000 in
1109 2946 1258 3029 utraque
1273 2926 1351 3030 sup·

249 3053 298 3128 po
312 3048 445 3103 itione.

681 3175 922 3253 corollarium.

251 3350 316 3426 79.
435 3331 519 3419 Ine,
544 3325 685 3430 quoties
713 3326 930 3427 hypotenusa
958 3323 996 3398 in
1025 3320 1250 3428 questionem
1280 3348 1352 3400 non

329 3329 429 3520 H
457 3426 578 3518 cadit,
604 3428 777 3502 alterutra
802 3452 850 3501 ex
877 3425 1012 3501 duabus
1035 3423 1210 3523 analogiis
1229 3423 1353 3504 habeti

248 3528 388 3630 semper
431 3527 565 3605 oterit.

350 3633 379 3704 1.
443 3630 471 3705 ti
489 3626 586 3731 finus
609 3646 721 3720 tems,
731 3624 797 3727 see
817 3624 959 3718 radius,
997 3668 999 3673 ,

248 3730 296 3805 ad
313 3751 504 3828 tangentem
524 3733 625 3802 unius
643 3728 836 3827 angularem
853 3747 1057 3815 mutatum

247 3836 308 3906 Ita
327 3831 419 3907 latus
437 3831 514 3907 huic
533 3829 654 3926 angela
670 3828 852 3923 adjacens,

247 3931 296 4008 nd
313 3931 405 4008 lame
422 3932 529 4007 eidem
548 3929 668 4027 angulo
686 3926 891 4030 oppofittmt.
920 3990 929 3996 ..
969 3986 973 3997 .
996 3991 999 3996 .

349 4035 398 4106 ΙΙ.
424 4033 488 4107 Uet
509 4031 601 4106 tatus
619 4055 722 4105 enum

247 4132 295 4208 nd
312 4133 488 4220 alterum

245 4238 309 4308 Ita
327 4233 466 4324 radim,
486 4230 551 4333 seu
568 4228 662 4333 finus
680 4249 794 4321 totm,

245 4334 295 4411 ad
313 4355 504 4434 tangentem
517 4332 636 4431 anguli
652 4330 841 4501 adjungitis
853 4329 964 4429 ptimo
982 4324 1084 4403 tamt
1093 4375 1106 4402 .

806 4453 830 4505 2
