3500 5234
365 742 1385 981 PROLEGOMENAi

493 1123 654 1199 Adienos
689 1122 775 1227 quid
808 1121 987 1197 commodi
1012 1121 1055 1195 de
1081 1145 1136 1197 me
1164 1124 1238 1225 ipso
1264 1123 1430 1228 polliceri

322 1130 486 1414 H
520 1224 647 1326 possint
674 1223 799 1297 harum
826 1222 960 1295 artium
979 1221 1154 1316 studion,
1181 1226 1307 1301 timide
1328 1222 1431 1319 dixi;
1488 1291 1494 1306 ‚

380 1344 413 1371 '·
517 1324 603 1427 quid
644 1345 765 1398 autem
803 1320 976 1396 utilitatis
1004 1321 1166 1421 polliceri
1195 1325 1256 1400 stbi
1283 1325 1429 1429 quisque

522 1423 625 1524 poffit
652 1424 696 1498 de
726 1422 829 1537 ipftus
856 1421 1159 1521 Trigonometciae
1188 1426 1277 1517 usu,
1312 1424 1430 1526 paucis

321 1520 461 1595 dicam.
497 1528 579 1615 Qta
605 1524 643 1596 in
670 1550 708 1597 re
734 1521 897 1615 juvabit,
922 1520 1076 1623 opinor,
1100 1520 1281 1597 Studiosos
1307 1526 1344 1598 in
1363 1525 1429 1598 hoc

321 1621 440 1721 primo
459 1623 560 1715 hujus
581 1622 761 1699 facultatis
787 1622 888 1697 aditu
911 1619 1103 1723 prunolfe,
1129 1619 1215 1723 quid
1246 1621 1430 1723 impulerit

322 1721 488 1824 antiquos
516 1720 632 1799 etiam
653 1727 898 1814 Geometras,
937 1743 977 1796 ut
1005 1745 1116 1796 novas
1152 1720 1214 1796 stbi
1243 1722 1430 1797 methodos

322 1845 522 1924 quaterent
546 1822 847 1899 dimetiendarum
875 1821 1165 1921 longitudinum3
1190 1820 1361 1923 quibusve
1387 1822 1431 1897 de

322 1922 432 1995 causis
456 1947 527 1997 non
557 1923 639 1998 satis
670 1922 823 1997 fiderent
855 1922 965 2004 Scalae
995 1920 1248 2019 geometrica,
1284 1921 1431 2024 aliisque

322 2019 603 2114 I-nlltumentis,
638 2046 715 2125 qua
745 2041 834 2096 tom.
868 2018 909 2092 1.'
928 2019 1146 2094 Geometrioe
1171 2018 1432 2122 descripfimus:

320 2118 415 2194 'unde
442 2133 503 2195 aar
528 2120 721 2221 nereffltar,
747 2141 808 2195 aar
831 2123 919 2215 otigo
944 2123 1218 2216 Trigonomettiae
1236 2121 1439 2229 affulserit,
1514 2130 1518 2139 ’

321 2218 361 2291 dc
389 2233 464 2321 quo
491 2221 702 2321 progressu,
741 2220 777 2293 dc
806 2217 965 2294 inventis
990 2220 1205 2321 amplificata
1234 2222 1344 2297 fuerit
1374 2227 1432 2297 si-

318 2331 427 2393 naum
451 2326 619 2415 cognitio,
647 2324 910 2418 Tangenrr'um,
940 2339 1044 2434 atque
1072 2325 1289 2415 secantium,
1317 2349 1432 2425 quau·

319 2440 467 2522 tamque
488 2418 525 2492 in
545 2419 649 2494 rebus
669 2442 741 2495 tarn
770 2419 1042 2513 astronomicis,
1071 2422 1176 2537 qulm
1203 2422 1430 2520 geometricis

321 2517 524 2593 utilitatem
550 2520 737 2596 attulerit.
789 2518 931 2594 Praellat
962 2520 1058 2594 enim
1088 2521 1268 2596 interdum
1299 2523 1430 2598 nedum

321 2618 514 2694 facultates
537 2620 649 2721 ipsas,
674 2621 731 2695 sed
752 2622 898 2696 illarum
918 2646 1060 2723 quoque
1079 2642 1178 2696 ortus
1198 2622 1432 2722 cognoscere,

321 2719 641 2825 progreffioncsque
662 2720 861 2797 mirabiles.
1336 2732 1339 2739 '

374 2867 379 2874 -
425 2837 463 2912 ti
490 2825 759 2919 Trigommetria
786 2823 959 2898 rectilinea
989 2823 1038 2925 est
1055 2850 1096 2898 ea
1114 2828 1310 2899 Geometriae
1324 2845 1431 2920 pars,

322 2945 400 3019 quae
429 2922 606 3020 triangula
632 2923 804 2997 rectilinea
822 2920 1004 3025 constristat
1021 2924 1199 3000 dumtaxat
1215 2926 1362 3026 respefiu
1380 2924 1431 2997 la·

322 3041 453 3114 terum,
480 3023 528 3099 (9*
547 3023 761 3121 angulorum,
788 3028 872 3122 quin
891 3024 996 3097 ullam
1020 3022 1143 3099 babeat
1166 3031 1327 3100 rationem
1337 3023 1432 3195 [pa-

322 3123 506 3222 tanqum
539 3123 603 3199 itta
630 3123 924 3221 comprehendunt.
974 3126 1061 3197 Hac
1090 3146 1211 3198 autem
1242 3124 1334 3197 abun
1362 3149 1380 3195 e
1409 3149 1432 3197 a

323 3221 426 3295 nobis
455 3220 609 3297 traslata
637 3224 874 3324 superioribus
905 3223 1105 3297 Elementis
1125 3223 1242 3296 videri
1264 3241 1433 3322 poterat,

324 3321 385 3395 ubi
414 3324 614 3424 complures
638 3322 824 3397 methodos
854 3320 1193 3414 demonstravimus,
1219 3322 1347 3425 quibus
1371 3349 1432 3397 co·

322 3422 442 3519 gnossi
481 3420 615 3524 pollent
656 3424 803 3514 latera,
839 3422 875 3495 dc
904 3420 1025 3520 anguli
1052 3421 1223 3520 trianguli
1253 3422 1432 3514 cujusvis.

320 3522 412 3597 Erat
441 3523 588 3626 quidem
617 3520 655 3595 in
686 3521 759 3595 illis
790 3522 989 3595 Elementis
1017 3520 1107 3595 mira
1143 3522 1296 3597 facilitas
1331 3522 1432 3597 theo·

321 3618 410 3715 ria,
439 3648 516 3725 quae
542 3624 579 3698 in
608 3621 759 3724 primam
788 3621 1059 3696 elementariam
1085 3620 1345 3697 institutionem
1370 3650 1433 3724 op·

320 3723 622 3822 portune'cadit3
656 3722 739 3819 sed,
765 3720 789 3795 st
815 3749 836 3797 a
867 3721 1015 3822 simplici
1045 3721 1184 3798 theoria
1215 3722 1257 3795 ad
1288 3723 1432 3823 praxim

321 3821 568 3918 deducantur,
606 3822 729 3898 labant
760 3823 968 3915 interdum,
993 3847 1108 3924 neque
1137 3822 1181 3896 iis
1211 3822 1319 3896 fidere
1349 3823 1432 3899 tuto

321 3922 520 4023 possumus,
546 3944 608 3999 aut
624 3925 814 4000 debemus.

306 4050 309 4055 ·
422 4023 530 4115 Quod
551 4045 590 4099 ut
611 4050 705 4116 uno,
722 4046 784 4099 aut
806 4024 924 4099 altero
941 4024 1109 4124 exemplo
1129 4022 1324 4116 illustrem,
1344 4020 1432 4127 quid

322 4122 486 4224 planius,
514 4146 575 4199 aut
604 4121 795 4237 simplicius
820 4124 858 4197 in
887 4123 1154 4223 longitudinum
1184 4123 1353 4200 mensuris
1373 4148 1432 4195 ca·

322 4224 461 4325 piendis
479 4223 681 4325 excogitan
701 4244 865 4325 poterat,
890 4227 998 4327 quam
1017 4222 1145 4301 divisio
1163 4224 1272 4299 Scalae
1288 4248 1432 4372 geome-

846 4328 931 4419 A3
1260 4323 1378 4399 tricae.
