3500 5234
489 424 800 510 Aurunculeio,
826 441 879 494 nr
908 418 1253 496 Louotuarnrn.
1308 443 1376 496 ror

322 541 361 595 ut
390 541 537 622 propter
567 520 631 595 soli
649 517 955 625 ¹inequalitates,
985 519 1102 594 aliave
1139 519 1430 622 impedimenta,

317 621 516 697 mensurari
535 620 739 695 mechanicd
758 647 829 694 non
848 620 951 721 poliat
974 619 1161 720 longitudo
1177 643 1303 715 tanta,
1319 650 1431 737 quan·

318 744 356 797 ta
375 720 598 826 requiritur.
616 724 759 796 Docent
776 719 899 824 itaque
916 721 954 794 in
966 719 1032 793 hoc
1043 722 1146 814 casu,
1162 722 1430 823 longitudinem

319 823 429 898 aliam
456 821 673 897 mediocrem
694 822 801 896 instar
822 821 908 894 basis
929 822 1076 896 alterius
1096 822 1267 922 trianguli
1288 825 1430 925 capien-

320 924 429 1015 dam,
455 921 553 1013 cujus
578 949 644 1024 ope
667 923 844 1024 peridem
865 920 1253 997 Problemaineadem
1277 924 1430 1027 planitie

320 1022 529 1098 inveniatur
549 1022 740 1123 longitudo
759 1024 873 1097 altera
896 1019 1030 1121 triplo,
1050 1042 1112 1094 aut
1132 1023 1329 1125 quadruplo
1356 1051 1430 1098 ma-

320 1124 402 1218 jor;
427 1122 464 1197 δι
490 1123 654 1217 rursum,
682 1124 706 1196 fi
726 1150 813 1224 opus
834 1122 899 1215 sit,
918 1120 1091 1222 perhanc
1111 1120 1296 1195 secundam
1315 1126 1430 1224 longi·

321 1225 483 1300 tudinem
504 1223 626 1297 eadem
646 1222 907 1298 construdlionc
928 1222 1135 1326 inquiratur
1157 1220 1268 1295 tertia
1295 1224 1431 1318 major,

347 1345 495 1399 uantum
521 1323 603 1398 satis
626 1323 696 1416 cll,
716 1346 754 1400 ut
776 1324 848 1398 haec
869 1322 1024 1425 denique
1046 1319 1330 1424 proportionalis
1349 1349 1433 1398 cva-

321 1350 383 1500 dat
405 1422 578 1501 dillantiae
597 1425 719 1525 prima
740 1423 1001 1501 mensuranda.

722 1625 944 1700 Corollariom
971 1628 1034 1697 11.

325 1850 368 1923 13
375 1850 412 1924 3.
533 1830 600 1898 AEc
617 1825 781 1926 operatio
798 1823 872 1900 usui
889 1823 955 1900 elle
972 1823 1061 1900 solet
1077 1825 1118 1898 ad
1137 1823 1434 1927 Ichnographianr

558 1925 767 2024 regionum,
796 1946 858 1999 aut
888 1923 1082 2001 castrorum
1108 1925 1322 2000 militarium
1342 1926 1433 2000 deli-

321 2025 520 2118 neandam,
549 2024 828 2128 positionemque
855 2023 1069 2124 pundlorum
1096 2024 1348 2127 principalium
1370 2026 1433 2100 de·

322 2124 612 2219 terminandam,
631 2124 675 2200 ad
696 2151 772 2228 quae
792 2123 939 2228 reliquae
959 2147 1079 2226 partes
1099 2126 1324 2202 referantur.

716 2325 936 2401 corollarium
958 2329 1053 2402 ΙΙΙ.

331 2550 417 2627 134.
433 2529 516 2715 IN
535 2529 671 2606 arcium
692 2549 863 2631 praterea
883 2525 1436 2632 oppugnationibuc,licuniculi

503 2630 723 2706 subterranei
745 2630 899 2704 ducendi
920 2632 999 2704 sunt
1027 2632 1070 2706 ad
1098 2633 1435 2745 propugnaculum,

327 2727 534 2833 furnulique
562 2732 680 2806 subtus
705 2729 953 2822 construendi,
980 2752 1019 2805 ut
1046 2731 1244 2821 dispiciatur
1269 2758 1348 2832 pars
1369 2730 1436 2804 ali·

326 2854 397 2930 qua
428 2830 717 2945 propugnaculi,
742 2831 845 2935 eique
875 2831 1003 2923 labes,
1032 2830 1070 2905 δι
1100 2830 1203 2905 ruina
1234 2830 1436 2922 inseratur,

324 2928 401 3002 haec
428 2958 476 3004 rm
503 2930 788 3032 rimisoperatio
806 2932 851 3006 ab
872 2930 1085 3006 Architeclo
1104 2929 1256 3004 militari
1288 2930 1359 3004 crit
1386 2932 1438 3003 se·

327 3027 416 3102 dolo
436 2959 656 3106 adliibenda.
682 3034 778 3104 Nam
800 3031 966 3105 distantia
986 3030 1081 3123 loci,
1107 3031 1168 3104 ubi
1188 3028 1359 3105 effoditur
1378 3055 1439 3105 cu·

326 3128 492 3225 niculua,
515 3132 558 3206 ad
581 3158 645 3233 pro
671 3131 906 3230 ugnaculum,
931 3130 972 3204 ad
996 3129 1091 3233 quod
1112 3129 1305 3229 dirigitur,
1336 3156 1439 3206 aceu-

326 3230 419 3304 ratd.
430 3230 600 3333 capienda
617 3158 688 3325 eK,
700 3253 740 3306 ut
755 3231 941 3306 cuniculus
956 3229 993 3304 in
1011 3252 1151 3305 tantam
1172 3231 1436 3331 longitudinem

325 3328 577 3508 perdupatur',
605 3333 741 3439 quanta
769 3356 856 3434 opus
886 3330 935 3409 est
961 3330 1005 3408 ad
1030 3330 1280 3428 disjicieudum
1305 3359 1437 3436 propu-

322 3455 443 3532 gnaeu
460 3459 540 3513 um.
