3500 5234
496 772 808 858 Aeternarum,
836 785 887 839 aa
914 764 1257 844 Lonoinernin.
1304 793 1384 874 127

552 964 1090 1044 OBSERVATIO
1141 967 1215 1042 XI.

324 1171 418 1252 160.
534 1173 618 1248 Atia
644 1172 794 1248 omnibus
820 1167 963 1268 iisdem,
992 1192 1068 1268 qnae
1078 1168 1210 1270 sapia,
1224 1166 1294 1271 sub
1312 1171 1434 1273 angnia

568 1271 765 1347 altitudinis
791 1272 849 1343 vel
872 1275 974 1343 nimis
993 1291 1128 1368 parua,
1157 1274 1214 1345 vel
1239 1275 1341 1350 valde
1365 1304 1435 1352 ma·

318 1405 412 1474 gno,
433 1376 539 1471 major
556 1375 680 1448 evadet
690 1426 704 1466 ,
730 1396 769 1449 ac
779 1368 971 1473 senfibiliar
990 1398 1098 1465 error,
1117 1377 1179 1471 qni
1196 1378 1301 1449 oritur
1319 1404 1359 1452 ex
1377 1376 1434 1454 de·

317 1475 415 1578 sellu
433 1474 688 1575 perpendiculi.

428 1577 511 1651 Ello
531 1571 735 1651 altitudinis
756 1571 903 1674 angulus
922 1569 1020 1674 grad.
1044 1597 1086 1669 ς.
1124 1572 1261 1649 Eodem
1281 1574 1433 1653 discursu

325 1676 528 1778 reperietur
549 1703 650 1750 error
669 1673 782 1764 major
803 1701 918 1766 nona,
945 1674 1001 1748 sed
1021 1675 1139 1750 minor
1158 1675 1286 1750 odlava
1308 1679 1434 1752 altitu·

323 1779 574 1878 dinis-parte,
602 1774 748 1878 quando
779 1778 851 1851 AZ
870 1775 967 1873 cadit
993 1773 1086 1853 insta
1108 1777 1316 1877 parallelum
1337 1778 1434 1853 hori·
1458 1839 1460 1842 Α

323 1876 428 1953 zonti
450 1881 541 1952 ΑΒ.
567 1880 661 1950 cum
681 1873 770 1950 verb
792 1876 866 1949 ΑΖ
881 1875 977 1950 cadit
998 1875 1099 1976 supra
1121 1881 1217 1969 AB,
1238 1904 1338 1952 error
1356 1904 1435 1977 pro·

323 1977 449 2053 veniet
479 1975 594 2067 major
624 1974 810 2052 undecima
837 1997 937 2077 parte
966 1975 1192 2068 altitudinis,
1228 1975 1284 2050 sed
1315 1979 1433 2055 minor

321 2079 489 2172 decima;
534 2079 569 2152 ui
590 2100 714 2169 error,
741 2077 821 2150 edm
841 2103 885 2152 ne
907 2075 976 2177 ipse
997 2077 1141 2179 quidem
1161 2077 1251 2153 adeo
1271 2076 1311 2150 stt
1332 2103 1435 2152 enor-

319 2179 417 2269 mis,
443 2105 633 2278 prulertim
656 2178 715 2252 lub
735 2176 866 2276 angulo
886 2177 1090 2252 altitudinis
1110 2201 1184 2252 tam
1199 2176 1313 2269 exili,
1333 2178 1434 2252 vide·

321 2279 414 2352 licet
434 2276 532 2375 grad.
555 2299 601 2373 ς,
627 2278 664 2351 8<
687 2278 930 2378 perpendiculi
951 2275 1092 2352 deledlu
1112 2300 1185 2351 tam
1205 2276 1337 2369 catilin,
1369 2278 1434 2351 mi·

322 2399 499 2451 nutorum
530 2401 604 2476 30,
629 2378 817 2454 confirmat
846 2377 996 2480 amplius
1026 2404 1093 2473 ea,
1118 2403 1194 2482 quae
1224 2381 1329 2479 paulo
1348 2401 1433 2453 ante

323 2476 543 2553 diciasunt.

427 2577 592 2652 Ulterids
607 2599 725 2655 autem
742 2577 965 2655 decrescente
977 2574 1337 2678 altitudin.isangulo‚-
1352 2603 1435 2676 prn-

324 2675 443 2754 diuus
470 2704 574 2753 error
604 2681 665 2754 fiet
695 2681 962 2755 intolerandus.
1002 2682 1122 2770 Nam,
1150 2678 1297 2780 reliquis
1317 2677 1434 2768 datis,

323 2778 350 2852 fi
380 2777 588 2853 altitudinis
618 2782 765 2879 angulus
794 2778 834 2853 stt
863 2780 963 2878 grad.
992 2803 1037 2875 3,
1064 2779 1101 2852 &
1122 2779 1197 2849 ΑΖ
1216 2779 1319 2851 cadat
1341 2774 1433 2853 infra

324 2883 425 2971 AB,
451 2875 643 2980 proveniet
663 2906 763 2955 error
782 2877 910 2980 quinta
938 2903 1038 2979 parte
1066 2875 1270 2952 altitudinis
1300 2875 1434 2965 major.

323 2980 503 3073 Rursum,
528 2978 553 3052 li
578 2980 728 3079 angulus
753 2978 958 3054 altitudinis
979 2977 1018 3051 lit
1042 3002 1061 3053 a
1084 2976 1207 3076 grad,
1227 2978 1264 3049 lic
1286 2976 1360 3047 AZ
1375 3001 1434 3047 ca·

326 3079 389 3154 dat
408 3077 635 3154 etiam‘infra
655 3084 753 3173 AB,
779 3104 880 3153 error
899 3076 1046 3154 tertiam
1065 3077 1215 3151 excedet
1231 3073 1435 3150 altitudinis

326 3201 490 3281 partem.

427 3278 509 3354 Pari
536 3275 677 3354 ratione
704 3275 822 3378 gravis
847 3273 978 3354 evadet
1007 3301 1133 3369 error,
1161 3271 1241 3350 edm
1268 3266 1439 3377 distantia

322 3378 497 3454 mensoris
523 3401 598 3456 tant
617 3380 749 3478 exigua
767 3379 862 3470 erit,
891 3399 931 3453 ut
958 3379 1106 3476 angulus
1127 3371 1330 3449 altitudinis
1352 3398 1435 3471 pro·

324 3478 453 3554 veniat
483 3479 586 3554 valde
605 3487 674 3554 'ma
701 3506 788 3573 nus,
816 3480 883 3551 hoc
911 3475 982 3571 est,
1009 3475 1173 3577 proximd
1199 3471 1368 3546 accedens
1388 3471 1433 3546 ad

324 3579 488 3656 rectum.
524 3584 643 3672 Nam,
669 3507 762 3654 datis
783 3578 929 3667 iisdem,
949 3599 1026 3680 quae
1046 3577 1170 3676 supra,
1191 3573 1213 3646 fi
1231 3568 1434 3647 altitudinis

325 3681 478 3778 angulus
509 3679 617 3854 fugerit
636 3680 735 3780 grad.
758 3682 834 3774 88,
860 3702 961 3754 error
983 3677 1131 3754 tertiam
1150 3694 1289 3777 partem
1309 3671 1434 3748 altitu·

324 3779 422 3856 dinis
442 3805 529 3854 exce
557 3801 615 3854 et.
