3500 5234
390 710 395 718 “
466 706 520 787 26
692 707 1243 781 TainouPnnsI.

495 829 500 841 ”
719 873 1215 947 Dscnuouu

487 1040 790 1138 Trigurrmerrici,
803 1036 939 1142 fiuerse
953 1038 1196 1143 Constralsirne
1208 1038 1446 1116 Tabularum.

418 1210 487 1305 34.'
556 1206 630 1281 Isn
651 1202 756 1307 plano
774 1204 896 1310 aliquo
914 1204 1090 1311 quadrans
1120 1228 1227 1284 tanta
1255 1207 1517 1306 magnitudinis

412 1359 416 1368 -
491 1209 551 1399 S
580 1306 863 1400 construeretur,
890 1328 929 1383 ut
960 1305 1033 1400 ejus
1061 1334 1162 1383 arcus
1190 1308 1374 1383 commod&
1404 1308 1445 1383 in
1465 1333 1515 1410 90

411 1409 564 1508 gradus,
585 1404 764 1505 &singuli
784 1407 913 1505 gradus
930 1405 970 1482 in
990 1407 1041 1482 60
1059 1406 1221 1501 minuta,
1241 1406 1398 1511 itemque
1416 1431 1515 1486 utra·

413 1534 484 1611 que
510 1509 582 1601 ejus
612 1505 896 1601 semidiameter,
922 1506 992 1581 sive
1020 1506 1112 1583 finus
1126 1529 1223 1583 totus
1242 1508 1280 1582 in
1304 1530 1515 1602 rooooooo

411 1629 531 1709 partes
559 1605 732 1709 aequales,
784 1628 867 1697 uta,
894 1607 1050 1705 palmos,
1077 1608 1136 1683 vel
1165 1608 1274 1682 etiam
1304 1607 1341 1681 in
1370 1610 1512 1709 plures,

412 1708 639 1807 paucioresve
668 1631 787 1779 dividi
814 1704 953 1805 posset,
987 1705 1084 1783 facili
1112 1707 1292 1805 negotio,
1325 1706 1445 1810 inquit
1474 1711 1512 1783 P.

357 1810 359 1814 ’
410 1808 562 1885 Cluvius
590 1805 629 1879 in
657 1804 716 1880 sua
733 1803 1028 1905 Trigonometria
1045 1805 1198 1906 apposite
1218 1806 1261 1881 ad
1281 1828 1426 1907 captum
1445 1807 1515 1884 ‘ri-

410 1932 563 1999 ronum,
589 1905 659 1982 sint
679 1904 754 1982 nlla
773 1905 1032 2007 supputationis
1061 1903 1248 1998 molestia,
1269 1927 1330 1981 aut
1364 1906 1513 2002 labore,

410 2006 572 2096 omnium
600 2004 732 2082 sinuum
757 2005 1022 2104 magnitudines
1051 2006 1376 2106 cognoscerentur,
1409 2006 1436 2082 si
1464 2034 1513 2084 ex

411 2103 555 2202 singulis
583 2126 684 2177 arcus
709 2104 858 2179 minutis
884 2105 988 2181 ressa
1016 2104 1061 2181 ad
1089 2127 1275 2208 utramque
1294 2105 1514 2184 semidiame.

411 2222 508 2278 trum
530 2198 836 2302 perpendiculares
855 2202 1093 2279 ducerentur.
1119 2210 1221 2298 Quot
1242 2203 1338 2280 enim
1357 2206 1512 2306 particu-

410 2302 488 2393 las,
513 2302 571 2376 seu
592 2298 728 2401 palmos
747 2326 793 2375 ex
813 2301 886 2376 illis
919 2326 1126 2377 10000000
1153 2304 1339 2381 continere
1368 2306 1515 2381 inueni-

409 2423 535 2476 rentur
548 2400 860 2575 perpendiculares
890 2400 983 2496 illa,
1010 2424 1066 2477 tot
1094 2405 1227 2517 pariter
1254 2405 1512 2506 particularum

410 2501 528 2576 forent
561 2528 638 2575 inus
657 2500 747 2576 recti
772 2528 918 2577 arcuum
945 2503 1177 2606 quadrantis,
1200 2505 1365 2619 idemque
1395 2505 1512 2582 dicito

409 2602 455 2676 de
481 2601 629 2703 reliquis
658 2602 810 2693 sinibus,
841 2603 1091 2701 tangentibus,
1122 2604 1159 2678 δε
1186 2605 1403 2680 secantibus.
1440 2606 1509 2681 Sed

408 2701 580 2803 quoniam
598 2701 636 2778 id
656 2701 694 2777 δε
714 2702 960 2777 mechanicum
979 2705 1085 2796 esset,
1120 2703 1157 2777 dc
1187 2704 1296 2780 ferme
1323 2704 1419 2781 lassu
1443 2705 1513 2781 im·

408 2800 593 2899 possibile,
619 2821 659 2877 ut
677 2803 853 2903 quadrans
873 2825 982 2880 tantae
1001 2803 1258 2902 magnitudinis
1286 2805 1511 2905 reperiatur,

408 2893 472 3001 qui
492 2900 677 2976 commodi
698 2923 753 2975 tot
773 2901 962 2978 divisiones
979 2902 1154 3003 recipiat,
1197 2904 1363 2994 rasertim
1378 2904 1425 2979 ob
1440 2905 1510 2980 im·

408 3024 549 3073 manem
568 3000 819 3101 postremarum
840 3004 1088 3102 tangentium,
1115 3003 1151 3077 &
1172 2930 1363 3080 secantium
1392 3005 1513 3106 longi·

408 3097 594 3194 tudinem3
619 3128 690 3176 non
713 3101 816 3193 aliis,
840 3103 945 3203 quim
966 3102 1208 3196 Geometriae,
1233 3104 1270 3179 8(
1290 3105 1509 3183 Arithmtti·

407 3222 455 3273 cae
474 3199 660 3300 principiis
679 3201 872 3301 repetenda
897 3201 967 3276 erit
987 3201 1059 3274 haec
1079 3204 1323 3303 computatio.

480 3385 482 3392 Ι
508 3323 572 3398 35.
591 3300 788 3389 Methodus
803 3300 924 3406 itaque
942 3300 1148 3376 inveniendi
1165 3305 1429 3396 smusomniunr
1446 3332 1509 3380 an·

406 3398 595 3495 gulorum,
608 3457 610 3462 -
625 3397 663 3476 8(
683 3427 851 3494 arcuum,
877 3400 940 3504 qui
959 3402 1098 3477 eosdem
1118 3405 1263 3504 angulos
1282 3391 1508 3500 metiuntur,

406 3518 557 3571 vocatur
581 3501 785 3604 Cunjlrrrssir
802 3502 1038 3597 Tabularum
1063 3502 1100 3577 in
1119 3505 1248 3608 quibus
1265 3527 1397 3579 omnes·
1415 3505 1507 3580 sinus

406 3597 658 3697 exprimuntur
687 3599 724 3672 in
754 3601 936 3700 partibus,
963 3602 1002 3677 in
1030 3628 1117 3704 quas
1146 3603 1237 3676 finus
1257 3621 1353 3676 totus
1372 3600 1505 3676 divisus

406 3696 472 3769 else
494 3695 719 3798 concipitur,
742 3724 783 3774 ae
802 3699 928 3801 singuli
944 3701 1035 3775 finus
1053 3699 1195 3774 inventi
1214 3698 1281 3774 suis
1309 3697 1504 3799 respeslivd

404 3795 567 3893 angulis,
591 3816 653 3871 aut
672 3796 820 3874 arcubus
844 3800 1012 3901 proximo
1039 3798 1235 3872 intervallo
1262 3797 1505 3896 adjiciuntur;

404 3894 570 4007 idemque
600 3895 679 3972 fieri
707 3895 795 3975 solet
823 3897 863 3975 in
890 3922 1024 3973 canone
1051 3897 1298 3997 tangentium,
1327 3921 1432 4002 atque
1453 3899 1505 3975 se·

404 4017 585 4069 cantium.
673 4013 676 4020 '

507 4092 569 4191 36.
595 4094 776 4187 Quoniam
793 4096 882 4172 vero
901 4092 991 4170 sinus
1009 4116 1128 4192 totus,
1155 4096 1222 4174 hoc
1241 4097 1313 4192 ell,
1341 4097 1503 4172 semidia-

402 4214 519 4271 meter
537 4194 688 4289 cujusvis
707 4195 860 4293 circuli,
885 4193 1104 4297 intelligitur
1130 4197 1175 4273 ab
1202 4198 1423 4371 Astronomiss
1451 4197 1503 4274 di·

1358 4326 1397 4374 vi
1414 4324 1452 4373 us
