3500 5234
1300 756 1375 835 131

477 898 1268 1022 LECTORI.

493 1437 621 1513 deinde
632 1437 846 1514 fradiionum
857 1433 1086 1513 decimalium
1098 1432 1337 1533 introdudii03
1352 1463 1426 1513 noo

494 1540 611 1613 minor
626 1562 745 1615 tamen
760 1538 804 1612 ad
820 1564 876 1613 tes
892 1533 1164 1613 mathematicas
1178 1535 1425 1614 acceffiofaua

320 1639 369 1717 est
379 1693 393 1733 ,
404 1666 449 1715 ex
466 1667 538 1743 quo
548 1643 711 1741 Neperus
726 1639 905 1739 superiore
920 1637 1046 1712 saeculo
1061 1634 1253 1754 miqificum
1268 1636 1357 1711 illud
1372 1638 1426 1711 lo·

320 1743 578 1842 garithmorum
599 1741 790 1815 inventum
808 1737 1059 1839 excogitavit,
1079 1736 1117 1811 &
1141 1734 1316 1837 perfecit,
1338 1762 1429 1840 quo·

321 1867 400 1916 rum
421 1840 564 1945 quidem
582 1841 683 1932 usus,
702 1842 810 1943 quarn
829 1841 903 1914 late
923 1858 1044 1938 pateat
1053 1861 1128 2009 qer
1145 1860 1269 1910 omues
1291 1836 1427 1911 mathe-

321 1941 469 2015 maticas
488 1940 714 2040 disciplinas,
740 1964 846 2013 nemo
865 1938 913 2012 est
933 1939 970 2012 in
990 1938 1035 2012 iis
1083 1935 1175 2012 udiis
1193 1935 1428 2014 mediocriter

322 2042 502 2134 uersatus,
527 2042 590 2142 qui
609 2039 775 2138 ignoret.

423 2144 477 2213 Ac
489 2137 744 2239 primd,0mnis
754 2134 826 2211 fere
838 2137 980 2232 solutio,
991 2138 1062 2214 five
1073 2136 1221 2233 analyfis
1231 2136 1427 2238 trianguli,

321 2265 390 2339 ope
402 2238 546 2313 canonis
557 2238 816 2330 subtensarum,
834 2238 1299 2339 sinuum,tangentium,&
1310 2240 1426 2314 secan·

324 2340 417 2412 tium
430 2338 676 2412 absolvebatur
685 2364 748 2439 per
758 2340 915 2437 regulam
928 2342 1222 2439 proportionum,
1238 2340 1291 2414 uti
1304 2339 1426 2416 haete-

322 2436 821 2514 nusanobisfadiitatumest.
842 2439 995 2514 Numeri
1006 2441 1223 2542 autem,qui
1234 2439 1426 2516 inveniun-

325 2559 384 2612 tur
404 2537 441 2611 in
459 2538 590 2613 tabulis
609 2537 767 2630 finuum,
784 2560 823 2613 ut
843 2538 1009 2616 vitentur
1029 2539 1250 2631 ftadiiones,
1275 2566 1425 2644 eamque

323 2638 477 2714 habeant
503 2662 704 2715 accuratam
731 2639 986 2739 diligentiam,
1014 2667 1092 2745 quae
1120 2639 1347 2742 requiritur,
1376 2642 1427 2716 se·

324 2760 445 2838 ptem,
471 2762 532 2814 aut
552 2738 635 2814 otto
653 2738 917 2816 charadieribus
934 2740 1121 2817 constant.
1148 2743 1205 2814 Ex
1218 2742 1365 2845 quofit,
1385 2762 1425 2819 ut

324 2840 547 2938 operationes
562 2840 861 2940 trigonometricae
878 2844 1032 2917 multum
1047 2840 1204 2934 laboris,
1221 2841 1343 2936 radii,
1361 2843 1426 2916 im·

324 2963 385 3012 mo
403 2939 440 3011 dt
461 2939 609 3041 periculi
629 2940 808 3032 habeant,
834 2966 878 3014 ne
905 2941 943 3015 in
963 2963 1038 3015 tam
1062 2941 1180 3040 longis
1203 2941 1428 3040 operationi·

327 3038 391 3112 bus
410 3039 544 3144 aliquid
564 3038 694 3114 erroris
714 3040 875 3140 irrepat.
910 3045 1012 3116 Unus
1030 3041 1191 3116 omnium
1209 3038 1427 3116 dudiiffimus

326 3141 513 3239 Neperus,
534 3140 636 3215 aede
656 3140 819 3215 universa
840 3140 996 3216 Mathefi
1023 3141 1110 3216 bene
1132 3139 1311 3229 meritus,
1337 3140 1427 3215 alios

326 3264 491 3314 numeros
512 3268 575 3341 pro
593 3240 753 3332 sinubus,
772 3241 1025 3341 tangentibus,
1044 3241 1083 3315 8<
1103 3238 1300 3315 secantibus
1310 3238 1428 3316 substi-

330 3338 425 3432 tuit,
443 3367 594 3443 quorum
613 3367 679 3440 ope
696 3341 790 3414 idem
807 3341 879 3415 sola
896 3340 1082 3419 additione
1098 3337 1294 3441 praestamus
1304 3391 1317 3432 ,
1332 3339 1428 3443 quod

325 3439 655 3539 multiplicatione,
680 3438 845 3543 idemque
872 3439 1135 3533 subtradiione,
1154 3436 1248 3544 quod
1266 3441 1355 3514 olim
1374 3440 1429 3515 di·

325 3537 460 3613 visione
487 3540 747 3633 efficiebamus3
771 3540 1002 3644 numerosque
1029 3541 1103 3620 fere
1129 3538 1339 3633 immensos,
1366 3540 1432 3644 qui

326 3638 391 3713 vix
419 3640 591 3733 tradiari,
616 3638 798 3742 subigique
823 3638 862 3713 in
882 3641 1021 3717 calculo
1040 3639 1198 3743 possent,
1217 3640 1315 3717 sacili
1335 3667 1430 3716 com·

326 3739 459 3839 pendio
485 3741 522 3815 in
549 3742 712 3817 ordinem
739 3740 857 3840 coegit
884 3767 947 3842 per
965 3742 1003 3817 lo
1026 3741 1223 3834 arithm0s3
1242 3740 1280 3815 dc
1305 3768 1430 3820 eorum

326 3866 498 3915 canonem
527 3839 727 3941 descripsit,
753 3839 975 3935 construxit,
1000 3768 1038 3917 dc

327 3966 423 4014 anno
448 3941 581 4037 1614.;
600 3967 705 4044 quem
718 3940 834 4017 statim
850 3969 973 4019 omnes
988 3939 1267 4038 Mathematici,
1292 3941 1432 4019 utilita-

330 4061 365 4113 te
386 4042 564 4141 permoti,
585 4041 690 4115 avide
709 4042 959 4144 arripuerunt.

431 4141 553 4216 Paucis
575 4139 653 4316 qest
678 4141 803 4235 annis,
828 4144 935 4247 quam
960 4142 1034 4222 hec
1057 4142 1222 4222 ediderat
1243 4145 1281 4218 F
1381 4168 1436 4236 ·s,·

331 4239 438 4316 aliam
472 4241 572 4317 subin
599 4268 618 4316 e
646 4241 758 4341 magis
785 4241 1010 4415 conqmodam
1035 4243 1225 4347 logeridmt

889 4367 912 4418 2

465 1234 615 1310 Uamuis
635 1234 804 1317 universae
823 1232 979 1310 Mathesr
997 1231 1122 1332 iugens
1138 1234 1227 1311 olim
1246 1236 1423 1314 attulifl'et

321 1251 766 1587 Qadjumentum,
791 1337 908 1438 primo
933 1332 1177 1409 charaeterum
1201 1337 1426 1430 indicorum,

1020 4535 1053 4589 ἠ

1059 3840 1173 3918 edidit
1193 3840 1432 3942 Edimburgi,
1542 3847 1546 3856 '
