3500 5234
467 787 521 839 or
547 764 815 835 Tarruouurs
843 783 1089 841 sementem.
1219 788 1294 864 205

643 910 860 985 corollarium
885 916 959 985 111.

233 1022 335 1145 ¹222.
354 1065 557 1250 ATque
578 1060 683 1154 hinc,
703 1056 735 1157 st
747 1058 884 1157 spbaera
894 1060 1027 1158 secetur
1051 1093 1244 1170 quocunque
1268 1069 1348 1166 pla.

481 1192 542 1252 uo,
567 1166 744 1234 communis
765 1158 949 1256 intersellio
966 1163 1113 1263 ejusdem
1128 1196 1201 1242 cum
1210 1172 1348 1269 spbaeru

242 1273 310 1341 erit
329 1271 492 1340 circulus.
519 1265 616 1334 Nam
638 1264 666 1333 1.
688 1261 711 1333 fi
733 1259 877 1359 planum
899 1261 1053 1338 transeat
1074 1294 1135 1366 per
1159 1292 1348 1363 centrum,

241 1391 368 1442 omnes
398 1364 499 1437 lineae
530 1362 566 1434 in
597 1362 663 1435 hoc
694 1362 801 1461 plano
826 1356 939 1431 dudlae
962 1388 982 1433 a
1002 1388 1127 1439 centro
1147 1366 1281 1465 sphoerae
1301 1371 1347 1445 ad

242 1467 317 1555 ejus
339 1463 578 1564 superficiem,
606 1461 682 1535 sunt
705 1457 854 1572 aquales
872 1462 1080 1560 (marm).
1108 1468 1234 1567 ltaque
1252 1496 1347 1542 corn·

242 1565 360 1640 munis
391 1562 498 1636 sedin
527 1560 627 1649 hujus
657 1561 754 1662 plant
785 1584 864 1631 cum
895 1558 1047 1661 sphaera,
1077 1566 1147 1638 erit
1169 1566 1347 1661 circulus,

271 1666 308 1738 ui
328 1663 422 1743 idem
441 1688 521 1736 cum
542 1660 670 1761 sphera
690 1657 834 1733 habebit
855 1682 1042 1754 centrum,
1064 1664 1273 1767 eosdemque
1292 1692 1347 1738 ra-

243 1692 343 1839 dios.
379 1764 428 1834 11.
453 1763 490 1837 Si
510 1762 652 1862 planum
673 1760 788 1833 secans
807 1783 879 1830 non
901 1761 1054 1837 transeat
1076 1791 1137 1863 per
1158 1787 1348 1859 centrum,

244 1862 321 1954 eius
340 1860 448 1936 sertio
466 1887 546 1934 cum
566 1861 694 1959 sphoera
713 1858 784 1931 erit
806 1882 934 1956 parvus
958 1862 1136 1955 circulus,
1165 1862 1263 1952 cujus
1291 1891 1348 1939 ra·

244 1964 298 2037 dii
326 1987 429 2037 erunt
450 1965 556 2051 HG,
582 1962 653 2030 FF.
674 1958 742 2031 lec.
764 1961 860 2029 Nam
880 1984 943 2055 pro
961 1962 1096 2036 circulo
1115 1963 1278 2062 genitore
1295 1966 1346 2038 as·

245 2062 333 2137 sumi
354 2063 487 2161 semper
514 2058 647 2158 poterit
676 2058 826 2130 circulus
856 2057 944 2149 ille,
973 2060 1070 2152 cujus
1099 2063 1274 2137 diameter
1303 2066 1346 2140 stt

244 2162 423 2276 diameter
459 2158 530 2258 ipsa
557 2157 691 2260 sphaerae
720 2156 1019 2259 perpendicularis
1048 2161 1130 2237 huic
1157 2164 1264 2263 plano
1295 2166 1345 2239 se·

242 2283 367 2337 canti.

642 2408 858 2486 corollarium
882 2414 944 2486 IV.

241 2559 516 2750 223.H1nc
551 2558 616 2634 cluo
648 2561 785 2653 circuli,
816 2565 878 2659 qui
907 2562 1083 2663 transeunt
1107 2588 1170 2658 per
1196 2585 1345 2637 centrum

470 2658 633 2762 spbaerae,
642 2660 728 2761 suat
742 2661 882 2760 iurerse
895 2664 1060 2761 aquales.
1086 2664 1231 2737 Habent
1249 2665 1345 2737 enim

241 2786 367 2835 omnes
393 2784 554 2835 centrum
572 2760 667 2835 idem
687 2787 767 2835 curn
787 2761 941 2862 sphaera,
970 2764 1178 2866 eosdemque
1206 2763 1344 2836 radios.

241 2863 294 2935 Et
315 2859 462 2953 circuli,
482 2887 632 2963 quorum
653 2862 757 2962 plana
778 2861 960 2936 transeunt
981 2890 1042 2964 per
1061 2884 1225 2936 centrum
1242 2862 1346 2961 spha-

242 2985 315 3050 rae‚
343 2958 507 3035 dicuntur
535 2960 651 3034 circuli
671 2958 814 3060 spbaerae
842 2967 1004 3053 maximi,
1029 2987 1109 3033 nem
1137 2986 1154 3031 e
1184 2961 1346 3033 omnium

242 3058 282 3133 in
313 3059 436 3133 eadem
467 3061 595 3159 sphaera
625 3045 903 3159 descriptorum.
948 3063 996 3133 Et
1027 2988 1199 3149 viciiim,
1228 3057 1346 3130 circuli

241 3161 383 3233 maximi
396 3182 460 3259 per
470 3158 613 3260 spuaerae
631 3181 778 3235 centrum
798 3156 996 3257 transeunt.

652 3310 869 3385 corollarium
894 3312 935 3382 V.

242 3457 548 3649 224·C1rculi
565 3460 703 3533 maximi
712 3461 755 3561 stc
772 3488 880 3535 omnes
894 3462 1008 3533 mutud
1027 3457 1188 3555 bifariam
1199 3455 1342 3558 sermm,

465 3559 513 3636 (θ’
539 3564 714 3633 communis
743 3561 926 3661 intersedio
951 3560 1128 3655 planatum
1159 3556 1343 3657 eorumdem

240 3655 292 3757 est
317 3657 481 3733 diameter
500 3658 662 3757 spbaerae.
711 3658 815 3732 cum‘
834 3660 929 3733 enim
958 3657 1117 3732 omnium
1148 3658 1252 3757 plana
1275 3680 1343 3827 per

241 3779 408 3833 centrum
428 3759 627 3851 transeant,
662 3757 724 3833 fibi
752 3780 943 3833 occurrunt
974 3757 1011 3831 in
1041 3779 1191 3849 centro,
1217 3755 1253 3829 &
1289 3757 1342 3828 ele

240 3854 402 3933 inuicem
430 3859 544 3934 secant
572 3860 611 3934 in
639 3858 759 3973 aliqua
787 3857 908 3950 recia,
936 3884 1012 3961 quae
1033 3857 1157 3932 tranfit
1178 3881 1242 3968 per
1260 3880 1343 3958 cen·

242 3974 341 4031 trum
360 3958 518 4059 sphaera,
542 3958 637 4063 quod
657 3958 735 4059 iplrs
755 3985 941 4034 commune
962 3957 1033 4051 est3
1058 3983 1099 4031 ac
1119 3956 1268 4057 proinde
1288 3953 1343 4043 io·

240 4052 275 4127 sa
295 4082 418 4132 eorum
439 4059 622 4159 planorum
642 4058 846 4133 internecio
875 4058 912 4131 δε
933 4057 1003 4133 erit
1023 4056 1199 4131 diameter
1217 4080 1230 4123 e

241 4154 479 4250 circulorum,
503 4185 590 4262 quos
610 4160 755 4261 proinde
773 4160 902 4235 secabit
920 4157 1107 4247 bifariam,
1127 4153 1164 4229 &
1179 4179 1206 4229 er

242 4278 358 4331 meter
377 4258 533 4359 sphaerae.
572 4264 620 4333 Et
641 4260 842 4361 reciproce,
867 4258 1007 4355 circuli,
1026 4254 1141 4360 quise
1159 4279 1191 4330 m

239 4350 368 4455 sariam
384 4357 527 4458 secant,
546 4356 635 4465 suut
658 4365 817 4438 matrimi.
