3500 5234
471 761 547 850 126
679 774 1262 846 Panxrsanoouonaarnrcn

423 875 504 952 satis
524 870 668 948 crassum
687 870 944 972 assumpsimus,
964 870 1183 944 minutorum
1200 895 1325 970 nempe
1344 892 1419 965 30,
1439 893 1525 973 qua.

421 976 492 1050 lem
521 1002 591 1050 non
619 973 721 1049 sacild
748 992 930 1045 accuratus
956 970 1094 1043 mensor
1118 969 1385 1061 committeret,
1413 969 1451 1044 δι
1472 971 1524 1045 di·

422 1072 586 1148 stantiam
607 1099 708 1164 earn,
727 1097 804 1174 quae
824 1069 991 1170 angulum
1006 1069 1089 1145 satis
1104 1071 1260 1145 efficeret
1276 1095 1452 1170 parvum,
1472 1070 1523 1145 vi·

416 1175 553 1251 delicet
576 1198 622 1248 10
640 1171 834 1273 graduum.

806 1368 1024 1448 Corollarium
1047 1376 1138 1446 111.

423 1576 507 1673 158.
582 1576 642 1650 Ub
661 1575 792 1673 angulo
807 1573 965 1664 majore,
990 1571 1126 1645 caeteris
1146 1570 1309 1671 paribus,
1336 1595 1437 1645 error
1460 1571 1518 1645 ad·

608 1676 674 1749 huc
695 1665 811 1748 multd
833 1671 1065 1747 inseusrbilior
1080 1672 1230 1745 evadet.
1256 1676 1353 1748 Nam
1369 1671 1517 1779 reliquis

417 1774 512 1850 datis
540 1776 685 1868 iisdem,
720 1773 919 1873 stangulus
947 1770 1150 1845 altitudinis
1179 1775 1297 1847 XAZ
1326 1771 1434 1847 suerit
1463 1795 1512 1869 45

417 1879 624 1975 graduum,
668 1875 793 1949 eodem
818 1872 972 1949 discursu
1407 1904 1409 1906 ·
1507 1923 1510 1930 -

416 1975 574 2087 reperies
590 2001 747 2050 errorem
769 2002 838 2051 non
860 2000 974 2079 aequa·
1344 1932 1482 2093 XCX

415 2099 456 2147 re
493 2076 816 2177 quinquagesimam
836 2077 974 2151 sextam

415 2174 973 2273 partemaltitudinis'veraeAB,
1247 2176 1308 2245 ······

416 2273 972 2374 cadenteAZinsraparallelant

415 2377 512 2467 AB;
538 2374 687 2447 cadente
707 2393 825 2447 autem
846 2371 972 2470 supra,

414 2499 460 2547 ne
477 2497 611 2574 partenr
633 2472 777 2575 quidem
798 2469 972 2576 quinqua·

412 2573 578 2673 gestmam
596 2573 778 2651 odlavarn.

808 2771 1028 2854 Corollarium
1044 2785 1069 2854 I
1073 2780 1114 2852 V.

409 2995 503 3073 159.
621 2974 683 3048 Inc
712 2975 890 3052 veriffirnd
919 3002 1041 3056 monet
1070 2983 1109 3053 P.
1129 2984 1294 3083 Torquet
1323 2980 1360 3053 in
1379 2981 1510 3052 Geom.

647 3075 783 3176 prodi„
813 3079 1034 3179 perspicuum
1054 3080 1143 3173 esse,
1162 3082 1185 3155 sr
1206 3080 1333 3174 caute,
1352 3079 1388 3152 dc
1409 3105 1512 3151 accu-

410 3176 489 3249 rate
516 3202 727 3276 operemur,
754 3179 845 3291 polle
874 3180 1085 3255 altitudines
1118 3180 1316 3269 montium,
1345 3180 1439 3252 secus
1470 3196 1511 3251 ac

410 3276 591 3351 nonnullis
611 3275 787 3379 iniperitts
806 3279 999 3383 aliquando
1016 3281 1124 3355 visum
1147 3282 1218 3373 ell,
1244 3279 1367 3381 absque
1388 3303 1510 3353 errore

409 3377 587 3469 notabili,
611 3378 720 3453 etiam
741 3379 914 3455 mediocri
934 3380 1097 3456 adhibito
1118 3381 1387 3469 instrumento,
1412 3404 1511 3476 repe·

408 3475 480 3646 {ire
493 3477 626 3649 3bquod
645 3479 757 3582 ipsum
776 3479 886 3557 etiarn
906 3509 955 3557 ex
973 3483 1136 3585 sequenti·
1149 3480 1410 3559 observatione
1426 3503 1511 3552 con·

435 3601 510 3649 rma
537 3600 630 3652 rtur.
