3500 5234
450 767 502 819 ne
528 746 714 818 Conone
739 744 1096 820 Locunrrmmco.
1201 767 1270 844 173

222 847 315 921 enno
330 844 453 919 tabula
472 845 577 937 major
595 871 749 917 numerus
769 846 923 939 36480,
942 853 1005 943 qui
1020 853 1127 921 oritur
1144 874 1186 920 ex
1205 848 1323 920 multi·

220 947 404 1042 plicatione
420 968 625 1018 numerorum
655 966 732 1039 304
759 946 807 1019 (Y
837 968 944 1030 120;
968 969 1137 1042 queratur
1162 947 1321 1043 logaritb-

222 1072 300 1118 mue
335 1044 534 1141 utriusque:
569 1069 676 1116 eorum
706 1046 840 1144 summa
875 1046 925 1144 esl
951 1045 1165 1140 logarithmur
1191 1054 1321 1122 numeri

224 1147 380 1241 36480.
416 1147 498 1214 Hac
515 1164 625 1216 tamen
642 1148 786 1239 operatio
797 1144 982 1242 supponit,
1010 1146 1127 1217 datum
1145 1173 1317 1221 nunterum

221 1242 290 1343 effe
308 1239 534 1340 compostum,
560 1267 598 1316 ac
612 1263 796 1337 preterea,
825 1242 915 1340 quod
928 1241 1069 1340 saelores
1086 1249 1232 1319 eumdem
1245 1271 1319 1342 pro·

219 1346 381 1417 ducentes
403 1342 663 1441 cognoscantur;
688 1363 725 1417 at
743 1342 860 1437 regula
885 1346 923 1414 in
949 1343 1157 1416 Problemate
1175 1344 1319 1447 propos·

220 1462 284 1536 ta,
313 1444 361 1517 (5⁴
380 1441 599 1543 universalior
617 1443 686 1542 esl,
707 1442 756 1519 Θ·
773 1442 877 1516 multi
888 1440 1049 1541 facilior.

640 1588 790 1665 Scholion
814 1594 888 1666 ΙΙΙ.

221 1762 313 1837 203.
390 1743 411 1811 I
435 1769 475 1817 ex
501 1746 586 1817 notis
614 1741 835 1814 arithmeticis
851 1741 929 1816 dati
946 1746 1077 1817 numeri
1091 1742 1320 1838 subducantur

411 1867 500 1933 una,
520 1845 617 1931 duae,
637 1842 693 1913 vel
714 1862 781 1912 tres
802 1842 902 1931 (Μ,
922 1847 1020 1914 initio
1028 1840 1120 1939 socio
1132 1871 1154 1914 a
1168 1842 1288 1917 dextra
1296 1874 1321 1933 ,-

215 1942 359 2038 perinde
376 1945 446 2040 est,
473 1969 510 2014 ae
543 1969 555 2013 r
574 1941 662 2013 idem
681 1964 835 2010 numerat
852 1939 1065 2014 divideretur
1078 1964 1141 2036 per
1165 1965 1234 2033 10,
1249 1946 1321 2017 mel

225 2062 323 2130 100,
343 2042 400 2112 vel
422 2064 522 2114 1000
542 2040 618 2115 (lc.
637 2046 735 2113 Notae
755 2038 993 2131 arithmetica,
1012 2038 1318 2141 quaefinislrorsum

218 2161 415 2231 remanent,
439 2142 522 2237 sunt
541 2141 713 2237 quotiens,
741 2136 789 2213 (θ’
807 2137 897 2229 illa,
928 2167 1002 2237 quae
1019 2139 1220 2239 dextrorsum
1231 2143 1317 2241 suh·

219 2239 410 2328 ducuntur,
422 2238 508 2336 sunt
525 2258 709 2311 numerator
715 2235 915 2334 frontonis,
934 2240 1088 2311 habentis
1097 2259 1157 2334 pro
1171 2240 1316 2315 denomi-

217 2359 339 2411 natore
357 2337 504 2435 aliquem
521 2365 561 2412 ea
577 2337 779 2438 divisoribus
799 2358 868 2427 10,
884 2360 978 2429 100,
994 2362 1092 2410 1000
1107 2341 1203 2434 (lu,
1213 2363 1315 2438 prout

215 2436 447 2539 subducuntur
466 2463 554 2531 uno,
573 2438 630 2510 uel
647 2439 742 2527 dua,
761 2436 818 2507 uel
836 2458 903 2509 tres
922 2460 1024 2540 nota.

649 2584 797 2662 Scholion
816 2588 877 2659 IV.

217 2736 515 2921 20401Nventio
532 2736 724 2835 logaritbmi
742 2735 889 2830 alicujus
909 2741 1038 2812 numeri
1047 2738 1157 2838 supra
1188 2761 1311 2835 1000,
1397 2827 1403 2841 ι

228 2934 231 2937 Α
387 2837 476 2910 nihil
494 2838 542 2939 est
561 2837 657 2911 alind
667 2890 679 2929 ‚
706 2834 773 2936 nis
792 2857 934 2912 extento
962 2840 1152 2912 tabularum
1181 2842 1226 2914 ad
1250 2869 1313 2914 nu·

214 2962 319 3010 meroe
336 2936 495 3029 majores,
516 2939 618 3035 quhm
641 2960 739 3009 1000
750 2963 773 3022 ;
797 2944 889 3011 intra
908 2962 1004 3034 quem
1024 2965 1193 3011 numerum
1212 2945 1311 3012 tabu·

212 3036 283 3109 lam
302 3036 441 3135 nostram
458 3033 787 3136 circumscripsmue,
815 3062 856 3108 ne
871 3035 952 3131 plus
977 3063 1069 3131 aquo
1095 3037 1311 3135 excresceret.

212 3135 278 3240 Est
305 3156 416 3209 autem
443 3138 479 3207 in
508 3135 569 3209 bac
596 3132 780 3235 extensone
808 3130 1050 3232 animadverso
1071 3162 1131 3207 non
1156 3134 1311 3230 uulgaris

211 3233 386 3308 hahendo.
412 3242 505 3309 Nam
523 3235 713 3331 logaritbmi
732 3236 924 3309 tahulannm
942 3240 1124 3330 computati
1144 3233 1190 3307 ad
1206 3236 1311 3307 deua-

210 3336 263 3406 rii
281 3332 511 3428 logarithmum
534 3358 773 3427 10000000,
800 3336 947 3433 respeilu
966 3339 1179 3407 maximorum
1198 3359 1310 3405 nume·

211 3457 325 3507 rorum
333 3431 419 3530 sunt
430 3438 536 3530 parvi
544 3460 567 3519 ;
592 3434 669 3507 hino
679 3432 752 3529 fit,
779 3435 890 3531 quid,
917 3435 992 3508 com
1018 3457 1125 3505 eorum
1152 3431 1311 3529 disseren-

213 3536 274 3607 tiae
284 3532 417 3637 semper
433 3533 642 3633 decrescant,
671 3552 709 3602 ut
723 3553 844 3628 patet,
873 3540 910 3606 in
939 3533 1001 3604 hac
1028 3528 1209 3633 extensone
1230 3554 1309 3606 tan·

208 3630 287 3707 *dem
305 3632 527 3732 evanescant,
546 3632 594 3709 (Y
613 3630 805 3727 logaritbmi
823 3630 868 3706 ad
894 3631 1123 3729 equalitatem
1149 3632 1307 3706 reducan-

210 3750 292 3804 tur·
317 3736 396 3805 Hac
412 3733 455 3806 de
472 3733 572 3832 causa
586 3732 713 3806 nullam
727 3729 894 3803 habebunt
907 3730 1132 3829 diffluentium
1148 3731 1306 3827 logaritb-

210 3834 262 3903 rni
278 3856 503 3923 numerorum,
523 3852 632 3927 puta,
662 3828 926 3927 2656385774
951 3833 999 3906 (θ’
1019 3829 1308 3930 2656385775;

208 3928 260 4032 esl
275 3934 366 4004 enim
385 3933 559 4033 utriusque
575 3931 792 4027 logarithmnr
812 3953 1055 4026 9,4242911.
1207 3956 1209 3960 ·

310 4036 364 4104 At
384 4030 417 4131 fi
435 4031 625 4127 logaritbmi
644 4030 834 4103 tabularum
853 4029 1051 4129 respicerent
1070 4029 1304 4127 loganithmum

206 4126 343 4203 denarii
364 4131 696 4223 1.0000000.000,
722 4152 801 4203 tnnc
819 4130 1001 4203 eorumdem
1025 4155 1229 4206 numerorum
1259 4129 1305 4202 lo·

202 4228 372 4328 garithmi
389 4232 540 4333 aliquam
557 4231 759 4338 oslenderent
775 4227 1035 4331 differentiam
1058 4227 1138 4335 eset
1158 4253 1303 4342 nomana

1129 4352 1257 4403 numero
