3500 5234
754 772 853 849 9²·
1088 745 1236 820 Dn
1289 747 1987 818 Tarawcuus
2044 762 2431 817 remus

705 851 780 923 ui
821 847 942 923 vel
985 842 1125 946 ipse
1149 897 1178 939 ‚
1217 844 1338 920 vel
1376 844 1522 935 ejus
1561 844 2125 945 supplementum
2165 842 2305 917 erit
2345 843 2661 943 angulus
2696 873 2875 951 qua.

706 970 858 1023 tus·

852 1044 969 1120 Ad
1010 1044 1503 1119 inventionem
1543 1042 1767 1143 igitur
1806 1043 2095 1142 anguli,
2156 1042 2242 1118 &·
2291 1043 2540 1118 lateris
2602 1048 2857 1125 necefl'e

646 1146 794 1243 est,
834 1168 915 1223 ut
947 1144 1232 1219 aliunde
1273 1144 1575 1236 ejusdem
1614 1143 1861 1243 anguli
1899 1164 2072 1217 nota
2107 1143 2191 1218 fit
2228 1144 2487 1245 species
2514 1196 2540 1218 .

1577 1293 1878 1369 Scholion
1900 1344 1922 1366 .

647 1430 799 1634 P
886 1446 1188 1520 Cluvius
1225 1447 1301 1519 in
1321 1443 1462 1544 sua
1500 1439 1763 1542 analyfi
1797 1444 2280 1542 triangulorum
2312 1448 2512 1543 Prop.
2542 1469 2667 1545 13.
2691 1502 2719 1543 ,
2736 1478 2849 1527 ve-

805 1608 829 1633 .
885 1542 956 1620 rb
1005 1568 1233 1638 notat,
1283 1546 1639 1620 Nicolaum
1691 1549 2124 1642 Copernicum
2143 1597 2168 1637 ,
2221 1544 2521 1644 alioquin
2561 1547 2847 1647 diligen·

643 1648 961 1749 tiffi'mum
983 1698 1008 1737 ,
1046 1645 1534 1719 hallucinatum
1551 1642 1766 1745 fuiffie
1785 1649 1943 1719 Lib.
1976 1669 2038 1718 1.
2058 1645 2629 1742 Revolutionum,
2652 1656 2847 1752 Prop-

643 1753 718 1822 6.
769 1746 1250 1841 triangulorum
1299 1746 1779 1821 reHilineorum
1815 1798 1843 1837 ‚
1892 1746 2052 1820 dum
2090 1741 2491 1846 simpliciter
2538 1759 2849 1849 proponit

629 1846 782 1950 fine
832 1848 976 1919 ulla
1014 1847 1413 1921 limitatione
1437 1874 1468 1918 .·
1518 1845 1593 1918 Si
1633 1845 1774 1919 duo
1813 1847 2040 1921 latera
2075 1846 2419 1945 trianguli
2462 1845 2635 1923 data
2671 1850 2847 1949 fiat,

641 1948 721 2020 &
759 1947 1056 2044 angulus
1091 1946 1212 2021 uni
1245 1971 1493 2023 eorum
1523 1945 1876 2047 oppositus
1896 1998 1921 2038 ,
1955 1947 2161 2021 datus
2180 1946 2402 2021 etiam
2424 1997 2451 2038 ,
2484 1948 2848 2054 reliquum

640 2047 879 2136 latuS,
932 2044 1007 2119 δε
1063 2046 1378 2148 reliquos
1430 2048 1726 2145 angulos
1760 2046 1919 2121 dari
1958 2046 2140 2148 posse
2165 2096 2186 2119 .
2290 2050 2438 2121 Hoc
2472 2052 2659 2123 enim
2682 2052 2847 2151 fieri

637 2172 769 2221 non
811 2144 1081 2245 potest,
1131 2146 1395 2243 quando
1444 2145 1648 2219 datus
1697 2147 1988 2242 angulus
2039 2147 2137 2247 est
2188 2167 2469 2240 acutus,
2521 2146 2661 2249 nist
2701 2180 2850 2229 con..

629 2247 775 2348 stet
794 2297 819 2336 ‚
874 2269 1034 2317 mem
1080 2271 1209 2341 ang
1217 2246 1371 2319 ulus
1427 2245 1631 2320 alteri
1669 2244 1955 2320 laterum
1989 2246 2293 2324 datorum
2327 2246 2663 2349 opposttus
2679 2305 2708 2347 ‚
2746 2252 2850 2356 fit

641 2366 882 2421 acutus
898 2396 924 2435 ‚
979 2370 1068 2417 an
1117 2346 1387 2448 obtusus
1407 2397 1427 2418 .
1591 2414 1596 2424 ,

837 2443 1069 2519 Nolim
1119 2465 1341 2521 tamen
1379 2449 1667 2521 Tirones
1684 2446 2011 2547 sollicitos
2038 2446 2167 2553 effi!
2202 2449 2289 2526 de
2322 2446 2437 2526 boc
2473 2448 2633 2551 casu
2651 2504 2678 2546 ‚
2719 2458 2853 2554 qui

633 2546 792 2621 rard
825 2544 1175 2623 admodum
1211 2551 1286 2623 in
1315 2550 1522 2646 praxi
1565 2550 1894 2646 contingit
1910 2599 1933 2621 .

2589 4369 2741 4443 SY-
