3500 5234
433 425 741 515 Asmurnam,
767 439 819 497 rr
844 422 1187 498 Lonoruarnrra.
1240 441 1310 520 1¹3

270 521 363 597 AB.
390 523 538 628 Itaque,
559 546 596 598 ut
619 520 825 597 inveniatur
844 519 1013 621 pundlum
1027 526 1080 615 F,
1100 522 1196 622 eligo
1212 517 1282 613 iam
1301 546 1364 597 no·

270 643 343 697 tam
372 621 574 698 distantiam
603 621 697 714 ΒΕ,
725 621 785 698 uel
803 625 901 713 BG,
927 621 986 696 vel
1011 622 1209 724 quamlibet
1230 622 1363 716 aliam,

265 747 344 893 guae
379 724 491 823 magis
527 721 727 823 expediat,
764 747 909 824 eamque
945 720 1076 796 allumo
1107 721 1215 797 instar
1236 723 1364 801 basra·

266 821 649 997 tlssffslta‘ael‘l‘l‘
668 820 1078 1021 diligibili}
1094 820 1142 993 l<
1160 821 1362 997 ladlffbil

265 1045 331 1120 per
346 1021 512 1115 analysrm
529 1020 630 1112 hujus
650 1021 844 1120 trianguli,
864 1041 903 1093 ut
923 1018 1041 1119 prius,
1063 977 1361 1098 determinabitur

266 1122 371 1195 valor
388 1121 538 1197 duorum
556 1122 708 1196 laterum
727 1124 819 1220 BF,
848 1123 943 1211 EF,
969 1144 1009 1192 ac
1029 1116 1157 1220 positio
1177 1119 1297 1217 punbli
1318 1124 1362 1197 F.

264 1221 406 1296 Pariter
431 1221 565 1322 sumpta
586 1222 653 1296 bafi
670 1225 771 1312 AC,
787 1218 993 1294 inuenietur
1033 1216 1131 1292 unbli
1149 1219 1201 1308 L,
1222 1217 1258 1290 dc
1277 1246 1362 1318 pun·

266 1317 318 1394 dli
343 1323 385 1394 M
405 1322 552 1421 pofitio,
572 1320 597 1394 fi
615 1323 707 1396 forte
728 1321 847 1423 aliqua
866 1320 910 1393 de
930 1244 1030 1393 caudi
1052 1316 1161 1392 fuerit
1178 1317 1301 1392 omilla
1321 1320 1361 1393 in

264 1420 389 1519 primis
409 1422 541 1496 duabus
561 1420 787 1496 stationibus.
1094 1486 1103 1501 „

363 1521 466 1593 Vlll.
492 1524 664 1594 Inventus
685 1522 787 1593 valor
805 1519 965 1592 omnium
985 1520 1138 1593 laterum
1159 1519 1198 1593 in
1219 1517 1363 1619 singulis

263 1618 485 1720 triangulis,
520 1619 622 1692 facile
651 1619 721 1709 jam
749 1619 934 1692 transferri
963 1619 1096 1718 poterit
1128 1620 1167 1692 in
1195 1644 1361 1719 mappam

260 1720 557 1820 geographicam,
576 1718 601 1790 fi
619 1744 684 1817 ope
704 1718 800 1790 scala
843 1717 1067 1810 eometricae,
1087 1740 1128 1793 ut
1145 1717 1214 1810 jam
1237 1719 1358 1793 docui·

256 1844 335 1894 mus
354 1824 463 1893 Tom.
484 1819 514 1889 Ι.
540 1821 669 1890 Geom.
690 1843 725 1914 n,
749 1840 798 1912 43
831 1868 864 1909 .,
891 1817 995 1891 detur
1009 1817 1157 1893 cuilibet
1173 1819 1279 1893 lateri
1296 1819 1359 1894 de-

201 1911 204 1942 *
257 1918 357 1993 bitus
385 1918 488 1991 valor
503 1915 540 1989 in
558 1917 652 1990 scala
669 1916 878 2019 particulis,
894 1915 931 1990 dc
947 1917 1156 2016 angulorum
1175 1920 1358 2022 quantitas

254 2016 387 2092 exadle
406 2017 630 2092 observetur.
736 2063 739 2068 ·

359 2118 424 2189 IX.
449 2116 673 2219 Posteaquam
700 2117 887 2219 positiones
912 2118 1039 2195 horum
1067 2120 1279 2220 pundlorum
1299 2148 1357 2197 ac·

258 2217 387 2293 curate·
402 2216 570 2292 tradudiae
590 2217 722 2294 fuerint
742 2218 779 2291 in
799 2245 985 2319 mappam,
1005 2219 1111 2293 simili
1131 2222 1353 2320 prorsusme·

257 2316 370 2392 tbodo
397 2316 690 2418 progrediendum
716 2317 786 2393 erit
812 2320 856 2393 ad
884 2319 953 2393 alia
975 2318 1128 2420 pundla,
1152 2347 1227 2423 qua
1249 2348 1267 2396 e
1286 2322 1356 2421 pri·

257 2415 324 2492 mis
340 2417 473 2491 duabus
488 2417 693 2495 stationibus
709 2415 856 2519 spellari
872 2446 944 2495 non
955 2442 1170 2519 potuerunt.
1192 2421 1355 2526 Reliquae

256 2539 378 2608 autem
397 2520 619 2618 operationes
637 2519 752 2593 multb
772 2541 875 2594 erunt
895 2520 1094 2615 faciliores,
1120 2547 1202 2595 nam
1224 2522 1282 2595 ubi
1311 2549 1354 2595 ue

256 2640 478 2711 occurrent,
507 2618 543 2693 8t
573 2620 646 2694 usui
672 2619 737 2693 elle
758 2639 926 2720 poterunt
947 2620 1063 2711 bases,
1083 2646 1231 2722 quarum
1252 2550 1355 2694 valor

256 2714 328 2809 jam
347 2718 509 2817 cognitus
529 2718 592 2793 srt.
619 2718 731 2818 Finge
757 2719 852 2793 enim
872 2719 1084 2793 delineanda
1105 2722 1169 2793 effe
1190 2718 1354 2812 objedia,

253 2818 354 2893 ultra
372 2818 501 2918 pundla
519 2823 552 2891 C
572 2819 609 2893 δι
624 2822 682 2892 D:
703 2819 823 2894 allumi
843 2820 976 2920 poterit
996 2816 1162 2893 distantia
1180 2818 1248 2909 jam
1267 2840 1355 2893 nota

254 2920 289 2990 C
301 2919 362 3009 D,
382 2916 488 2992 instar
508 2918 613 2994 basrs.
641 2920 816 2993 Similiter
837 2946 883 2993 ex
903 2919 973 2993 alia
992 2941 1092 3019 parte
1114 2918 1198 3016 eligi
1214 2917 1355 3030 poterit

253 3035 424 3122 tanquam
455 3015 572 3110 basrs,
602 3020 659 3090 vel
686 3018 872 3117 longitudo
891 3040 978 3092 nota
1000 3018 1164 3109 1H,vel
1187 3015 1354 3096 distantia

252 3119 356 3213 LK,
380 3118 572 3222 eodemque
594 3118 746 3191 artificio
765 3117 967 3217 operaberis
987 3116 1025 3189 in
1045 3117 1191 3219 reliquis
1258 3116 1353 3194 fitio-

253 3216 359 3294 nibus
386 3216 688 3314 determinandis,
707 3217 744 3294 δι
763 3218 801 3293 in
823 3242 986 3323 mappam
1005 3218 1200 3297 transferen
1226 3218 1279 3295 is.
