3500 5234
378 725 456 822 ²:82
570 726 957 804 Tmouomormz
981 718 1091 790 Paos
1116 716 1194 805 Ν...

647 907 687 936 .·
789 871 982 943 Monituna.
1127 897 1129 902 ·

335 1022 423 1121 363.
437 1025 524 1209 IN
537 1024 709 1113 omnibus,
732 1045 807 1118 que
825 1013 861 1093 in
875 999 1013 1118 ‘analyst
1032 993 1199 1113 trianguli
1209 1010 1380 1115 spbaerici.
1392 997 1433 1094 le·
1462 985 1472 1120 ἶ

506 1122 655 1221 ilanguli
693 1119 1236 1216 contingunt,zoombinatinnibns
1262 1116 1434 1214 datorum,
1462 1121 1465 1160 ¹

332 1222 381 1299 (Ψ
409 1221 639 1324 quaefitorum,
663 1241 781 1319 partes
804 1220 895 1294 datae
904 1218 1044 1318 stmper.
1054 1218 1279 1296 determinant
1290 1215 1434 1316 speciem

332 1328 573 1419 incognitarum
583 1350 606 1411 ;
630 1344 765 1418 excepta
779 1319 956 1402 dumtaxat
975 1320 1210 1394 combinatione
1227 1318 1333 1410 hujus
1356 1323 1435 1400 Pru

223 1481 226 1498 .
332 1424 511 1514 blematit,
531 1428 568 1498 in
587 1449 650 1522 qun
668 1422 766 1495 detur
785 1415 927 1494 alterum
947 1419 1039 1493 latus
1057 1444 1130 1491 oum
1145 1418 1266 1514 angulo
1279 1415 1434 1520 oppofito,

331 1523 380 1599 (T
408 1545 578 1621 queratur
609 1521 752 1621 quodvis
779 1546 798 1593 e
824 1520 967 1617 reliquis
994 1520 1103 1592 tribus
1112 1544 1136 1605 ,·
1163 1522 1195 1593 is
1222 1524 1311 1592 enim
1341 1518 1433 1619 casus

326 1623 459 1725 semper
478 1626 654 1718 ambiguus
673 1627 761 1712 erit,
781 1620 828 1697 (δ’
846 1622 946 1693 binas
965 1618 1148 1718 solutiones
1176 1617 1334 1695 admittet
1346 1646 1370 1706 ;
1397 1644 1433 1693 ac

333 1723 477 1821 quodvis
496 1752 513 1795 e
533 1724 674 1821 reliquit
695 1725 803 1794 tribus
817 1718 1022 1818 effepnterit
1041 1718 1099 1790 vel
1122 1718 1256 1811 majus,
1283 1720 1347 1799 vel
1373 1723 1434 1792 mi·
1470 1747 1471 1780 1

330 1849 395 1894 nus
428 1822 643 1922 quadrante,
671 1821 847 1923 stantibus
874 1819 1004 1919 iisdem
1022 1819 1263 1894 conditionibus
1299 1819 1434 1893 Proble-

327 1943 448 1995 matas.
1167 1985 1204 2000 ..
1236 1994 1238 2001 ,

428 2021 529 2119 Quod
554 2040 593 2094 ut
615 2021 754 2117 planius
782 2018 981 2117 intelligas,
1008 2022 1138 2117 concipe
1164 2018 1230 2093 duo
1256 2018 1434 2116 triangula

332 2120 479 2213 ΕΑΙ),
501 2125 620 2193 BAD
640 2120 831 2217 rellangula
851 2123 888 2193 in
910 2117 1080 2193 Aelatus
1099 2124 1134 2192 A
1146 2122 1183 2190 D
1201 2119 1250 2220 eJl
1267 2146 1435 2194 commuue

330 2226 468 2317 utrique
494 2222 661 2315 triangulo
672 2246 695 2307 ,⁶
719 2222 766 2297 (9⁴
795 2219 939 2316 ungulus
959 2222 1107 2310 ΑΕΒ,
1131 2222 1169 2314 ip
1185 2246 1196 2290 t
1215 2217 1382 2321 oppofitus
1396 2225 1435 2316 in

325 2324 458 2418 primu,
476 2339 629 2419 aequatur
649 2319 769 2416 angulo
789 2321 931 2408 ABD,
950 2316 1056 2390 eidem
1066 2338 1146 2414 oppo
1161 2340 1206 2392 tto
1215 2313 1251 2392 in
1254 2318 1434 2419 secundo,·

330 2415 420 2519 bafis
447 2440 558 2494 autem
586 2421 688 2511 ED,
717 2420 808 2492 latus
834 2416 978 2511 alterum
997 2421 1096 2510 ΑΕ,
1115 2419 1163 2504 (92⁴
1181 2418 1270 2502 ulter
1288 2420 1434 2516 angulos

330 2521 456 2592 EDA
470 2521 594 2615 prioris
612 2519 797 2615 trianguli,
816 2518 904 2618 sunt
919 2517 1152 2614 complementa
1171 2518 1315 2593 addunt
1334 2523 1434 2598 raetos

327 2612 417 2717 basto
445 2622 542 2711 DB,
573 2619 690 2694 lateris
719 2623 816 2710 AB,
846 2617 895 2694 (Y
923 2617 1042 2713 anguli
1069 2614 1190 2690 ADB
1217 2612 1431 2720 posterioris.

328 2720 445 2809 Hinc,
458 2715 492 2818 fi
505 2721 605 2794 detur
622 2718 714 2792 latur
731 2723 765 2791 A
777 2722 837 2809 D,
864 2716 914 2803 Φ
932 2717 1076 2815 angulus
1093 2713 1159 2816 ipſs
1174 2717 1362 2822 oppositus,
1391 2741 1433 2794 ert

329 2816 384 2890 bis
410 2818 588 2892 dumtaxat
615 2819 730 2910 datis,
758 2821 950 2920 ambiguum
978 2824 1067 2910 erit,
1094 2840 1169 2892 uter
1194 2846 1213 2891 e
1240 2822 1333 2893 binio
1358 2819 1430 2910 illio

329 2917 513 3014 triangulis
522 2917 707 3017 sumendus
718 2914 787 3017 fit.
812 2921 872 2992 Ita
898 2943 944 2989 ue·
961 2921 999 2993 in
1018 2921 1064 2992 iio
1081 2944 1120 2992 ca
1136 2915 1231 3009 rbu53
1249 2924 1287 2994 in
1308 2921 1431 3018 quibut

327 3014 426 3091 detur
441 3016 532 3091 latur
550 3043 621 3091 cum
643 3018 763 3115 angulo
777 2943 941 3119 oppodtm
962 3017 1085 3115 regulae
1116 3020 1253 3116 uperiirs
1267 3020 1431 3112 attona,

330 3115 433 3191 lorum
452 3146 523 3197 ,non
553 3117 699 3212 babent,
727 3145 786 3195 nec
802 3119 1028 3200 determinant
1038 3117 1186 3217 speciem
1207 3119 1349 3216 anguli,
1374 3118 1431 3192 vel

329 3243 424 3291 arcus
445 3214 600 3320 quafiti,
619 3245 720 3316 quam
739 3220 964 3292 determinant
983 3222 1019 3291 in
1038 3223 1165 3292 raeteris
1183 3222 1354 3293 omnibus.

426 3319 546 3391 Veritm
565 3320 733 3398 enimverd
750 3322 787 3392 in
807 3318 1044 3417 questionibus
1062 3323 1259 3411 contradis,
1286 3345 1364 3418 qne
1381 3346 1431 3395 oc·

326 3438 462 3489 currunt
499 3421 535 3492 in
564 3419 758 3519 resolutione
785 3417 890 3511 hujus
918 3419 1172 3513 Problematir,
1204 3423 1328 3518 praxis
1354 3419 1430 3522 ipsa

318 3516 454 3617 semper
473 3518 608 3617 aliquid
620 3519 807 3610 indicabit,
827 3516 917 3616 quod
986 3515 989 3520 ’

319 3615 467 3716 speciem
488 3622 601 3713 partis
632 3616 777 3720 quaefitae
803 3618 913 3692 deter-

324 3720 452 3789 minare
466 3715 597 3817 pofflt;
614 3745 719 3817 quare
735 3718 914 3816 hac-inde·
948 3784 951 3788 .
1152 3738 1165 3808 ··.,
1246 3805 1255 3819 ι,

326 3821 547 3911 terminatio,
581 3844 657 3917 qua·
692 3816 821 3916 auferri
848 3847 911 3893 non
1054 3817 1056 3823 ’
1125 3813 1128 3823 ’
1161 3816 1192 3830 ”

320 3916 431 4016 potest
468 3922 510 3991 ab
547 3916 629 4020 ipfis
672 3921 912 3994 conditionibus
938 3908 1054 3981 ΕΜ·

324 4017 547 4107 Problematis
555 4024 743 4114 generatim
754 4022 911 4121 sumpti,
944 4085 946 4090 .
985 4079 988 4091 ς
1195 4081 1199 4088 .

323 4116 414 4190 nibil
440 4118 621 4212 impediet,
646 4146 709 4218 quo
735 4121 846 4193 minito
872 4126 910 4193 in
1074 4115 1089 4140 “’

317 4218 584 4312 particularibus
601 4220 836 4316 questionibus
850 4247 911 4292 eae-

322 4314 398 4394 dem
412 4318 578 4417 analogia
596 4319 764 4417 applicari
775 4317 910 4419 poffint.
