3500 5234
403 493 406 500 .
467 424 740 500 DnCnnonr
766 423 1123 502 Loorntnnmrco.
1227 451 1297 532 153

718 572 890 650 Scholion.

255 727 344 913 IN
358 720 486 798 tabulis
495 724 730 824 supputandis
748 752 809 798 non
828 725 877 823 est
897 722 1016 827 oeaeffe
1043 753 1139 823 eam,
1167 755 1269 830 quam
1294 760 1353 809 en·

321 823 516 923 posuimus,
542 826 725 899 methodum
746 826 926 916 adbibere,
954 826 1019 925 mſs
1045 834 1080 901 in
1108 838 1252 907 numeris
1275 840 1352 931 pti·

255 933 319 1001 ntis
327 950 351 1012 ,·
375 951 451 998 nam
471 929 507 999 in
527 930 758 1017 innumeris,
786 932 848 1023 qui
866 953 908 999 eu
923 926 1059 1000 aliorum
1075 932 1353 1027 multiplicatione

253 1034 427 1116 oriuntur,
453 1031 580 1124 quique
597 1027 753 1099 dicuntur
777 1022 964 1125 compostti,
987 1027 1076 1125 satis
1103 1038 1167 1102 etit
1195 1032 1352 1127 logaritb·¹

252 1152 320 1202 mos
338 1136 595 1221 componentium
614 1127 756 1216 addere,
783 1147 823 1198 ut
848 1127 1012 1200 habeatur
1039 1126 1254 1223 logatitbmus
1276 1156 1351 1234 pto·

252 1227 377 1311 daun
401 1226 488 1323 quod
497 1228 620 1327 statim
637 1225 857 1326 demonstrare
870 1248 1032 1322 pergam.

485 1426 1006 1501 PROPOSITIO
1058 1426 1133 1498 IX.

612 1629 994 1699 Pnootnmu.

253 1827 300 1902 18
307 1827 556 2012 5.INvenite
576 1821 787 1920 logatitbmoc
803 1828 946 1899 omnium
973 1848 1176 1901 numerorum
1201 1822 1350 1928 compost·

424 1949 550 1999 torum.

353 2026 543 2126 Refhlutio.
563 2024 726 2099 Inventis
742 2022 963 2122 logarithmis
977 2024 1135 2099 omnium
1153 2025 1349 2125 primorum

248 2126 423 2228 usquead
450 2148 570 2217 1000,
596 2124 712 2199 multo
733 2124 868 2198 facilius
890 2124 1120 2199 invenientur
1139 2125 1347 2223 logarithmi

251 2227 414 2300 omnium
436 2249 661 2299 numerorum
681 2251 725 2297 ex
746 2223 817 2297 illis
845 2224 1138 2325 compofitorum.
1175 2229 1294 2318 Nam,
1315 2226 1348 2328 st

250 2326 316 2401 cluo
334 2328 463 2399 numeri
474 2328 600 2420 primi,
625 2323 902 2417 multiplicatione
927 2325 1033 2398 alium
1060 2346 1273 2419 componant,
1300 2328 1348 2401 lo·

247 2425 415 2521 gacitbmi
432 2429 686 2521 componentium
698 2422 803 2525 fimul
820 2424 934 2498 additi
958 2425 1088 2516 dabunt
1115 2425 1349 2521 logatitbmum

252 2524 439 2626 compofiti,
457 2524 522 2624 stu
535 2524 706 2622 produtli.
733 2528 781 2598 Et
800 2546 949 2618 contro,
968 2523 1003 2625 fi
1030 2525 1265 2621 o'logaritbmo
1283 2553 1347 2602 nu·

250 2632 334 2699 meti
352 2622 516 2725 compofiti
527 2624 736 2724 subducatur
755 2623 972 2719 logaritbmus
991 2631 1092 2699 unius
1109 2629 1239 2699 numeri
1265 2653 1347 2701 com-

246 2730 426 2822 ponentis,
451 2726 657 2823 relinquetur
685 2724 902 2820 logacitbmur
930 2726 1070 2799 alterius
1097 2731 1347 2821 componentis,

245 2824 313 2925 seu
334 2829 546 2925 quotientis;
563 2845 601 2899 ut
621 2824 754 2898 diuum
774 2821 820 2897 est
840 2850 875 2897 n.
900 2845 982 2920 175.
1004 2824 1040 2898 δι
1065 2826 1150 2919 178.

333 2926 502 3028 ⁴·Itaque,
526 2926 551 2998 st
571 2949 591 2999 a
610 2924 695 2998 dato
710 2924 926 3023 logatithmo
945 2924 1084 2999 numeri
1106 2947 1152 2995 10
1182 2922 1347 2998 subduca-

253 3043 315 3096 tur
343 3024 597 3126 logatithmus,
628 3050 733 3138 quem
761 3051 856 3125 pono
883 3024 1094 3114 inventum,
1129 3023 1268 3095 numeri
1298 3050 1346 3119 5,

249 3121 426 3199 refiduum
444 3126 515 3200 etit
534 3123 766 3221 lognrcthmus
786 3123 925 3198 numeri
947 3149 992 3196 2.

351 3224 388 3297 si
408 3223 641 3324 lognrithmus
661 3222 799 3297 numeri
818 3246 839 3296 2
863 3221 1014 3295 addatur
1033 3220 1250 3322 lugarithmo
1279 3250 1344 3300 nu·

248 3322 342 3397 meri
365 3347 410 3419 3,
430 3323 618 3399 habebitur
636 3319 869 3419 logarithntus
887 3322 1024 3396 numeri
1047 3320 1091 3395 6.

353 3426 403 3498 Et
434 3424 601 3527 quoniam
628 3421 875 3524 quaternarius
903 3422 1032 3496 binarii
1057 3423 1247 3525 quadratus
1272 3422 1345 3519 est,

249 3520 288 3595 &
307 3520 534 3617 oblonarius,
554 3523 705 3614 ejusdem
725 3523 854 3616 cubus;
879 3520 1111 3621 logorithmus
1131 3523 1164 3593 l'
1235 3523 1260 3596 ii
1281 3523 1346 3599 du·

247 3621 424 3721 plicatus,
451 3624 521 3699 erit
540 3622 760 3727 quaternarii
780 3622 1036 3721 logatithmus,
1063 3644 1092 3700 tt
1287 3650 1344 3698 tu·

248 3742 347 3815 tem,
373 3722 547 3798 oilonatii
566 3726 626 3819 (n.
649 3722 777 3820 176.).
1346 3735 1353 3764 ’-

350 3824 407 3898 Ita
435 3850 573 3926 quoque
603 3823 835 3923 logarithmus
857 3820 1005 3897 ternarii
1023 3821 1060 3899 dr
1315 3822 1351 3900 it·

248 3922 438 3999 novenarii
453 3923 707 4024 logatithmus.
731 3927 779 3999 Et
796 3924 928 3998 summa
943 3922 1060 4023 lugeri*
1330 3945 1333 3950 ·
