3500 5234
467 725 489 774 2

413 827 501 877 mam
531 796 662 901 affiqur‘
689 800 832 896 oprimi:
866 799 957 897 quad
984 791 1090 872 aliud·
1110 798 1193 871 rlr'r'r
1210 797 1374 887 videtum
1410 797 1525 897 arsur

412 900 557 1003 quisque
576 898 692 1001 studio
717 898 863 974 maxima
890 901 1057 973 ducitur.
1118 903 1209 973 Sunt
1232 897 1301 1002 ¹,qui
1337 896 1524 996 Epitomes

412 998 724 1101 trigonometricas
743 998 1002 1075 concinnavere
1029 1024 1157 1097 magna
1182 1023 1263 1073 cunr
1289 997 1417 1092 laude3
1440 998 1526 1090 fed',

439 1099 626 1177 nantullm
658 1098 881 1200 experiundo
910 1098 1045 1192 didici,
1070 1097 1163 1172 nihil
1190 1100 1242 1173 hae
1262 1099 1372 1173 ferme
1392 1098 1524 1173 docent

412 1129 483 1277 fine
516 1197 708 1301 magistro.
758 1196 868 1272 obest
897 1198 936 1273 in
967 1200 1020 1274 his
1050 1199 1200 1292 nimilm
1235 1199 1372 1273 concisa
1403 1199 1523 1273 brevi·

413 1324 467 1378 tas
488 1327 498 1374 ε
535 1325 608 1404 quo
633 1299 726 1375 vitio
752 1300 917 1374 laborant
944 1297 1126 1374 interdum
1154 1298 1417 1398 ingeniosissimi
1442 1298 1523 1402 qui·

412 1428 481 1505 que
511 1400 729 1501 Scriptores.
780 1405 898 1492 Nam,
932 1401 998 1499 qul
1024 1398 1169 1501 quisque
1194 1400 1244 1500 est
1262 1400 1439 1500 solertior,
1473 1406 1523 1475 (9·

412 1505 545 1599 ingenio
560 1526 628 1592 ror,
663 1497 783 1601 inquit
810 1499 986 1592 Tullius,
1021 1499 1080 1573 bre
1106 1502 1198 1574 docet
1223 1501 1447 1591 iracundiis,
1473 1509 1522 1575 Θ*

404 1602 630 1704 festinantilrr
638 1626 662 1687 ;
686 1626 725 1674 ac
749 1600 836 1698 quod
861 1598 936 1697 ipse
959 1600 1110 1674 celeriter
1135 1604 1305 1697 arripuit,
1330 1597 1522 1681 trabalia

411 1702 520 1777 erdem
545 1705 674 1797 impetu
695 1704 829 1798 percipi
849 1697 940 1801 poffe
962 1722 1089 1797 purat.
1140 1706 1230 1775 Sunt
1287 1699 1322 1775 ui
1342 1702 1521 1800 Trigono·

410 1804 541 1877 metria
581 1801 686 1902 plana
722 1801 919 1892 contenti,
959 1801 1160 1902 sphaericam
1189 1729 1413 1894 carilefum,
1449 1800 1518 1874 fine

411 1931 480 2007 qua
501 1901 619 2005 quivis
641 1927 729 1976 unus
748 1901 849 1976 certo
878 1900 1003 2002 pedem
1033 1904 1140 2001 ligere
1171 1930 1352 2006 nunquam
1384 1903 1518 2002 poterit

411 2027 473 2078 aiat
506 2003 542 2073 iu
575 2001 787 2093 caelestibus,
826 2024 888 2076 aut
917 2002 1094 2076 etiam'in
1125 2004 1377 2078 terrestribus.
1440 2001 1519 2075 alii

413 2127 600 2203 utramque
620 2100 950 2199 Trigonometriam
980 2103 1183 2204 complexi,
1213 2105 1256 2178 de
1284 2099 1522 2201 logarithmoss·

412 2228 492 2276 rum
514 2199 666 2278 mirifico
685 2200 838 2274 invento
858 2200 994 2300 prorsus
1014 2202 1140 2296 frlent;
1170 2229 1247 2278 tum
1294 2230 1344 2277 uae
1371 2201 1414 2276 ad
1445 2205 1519 2275 Ta·

412 2303 577 2379 bolarum
596 2298 891 2375 construflionem
919 2300 1100 2401 spellant,
1131 2303 1189 2375 vel
1211 2231 1335 2376 curlnn
1364 2304 1520 2396 docent,-

412 2403 474 2478 vel
494 2399 537 2476 ad
559 2403 648 2476 alios
667 2402 864 2502 Scriptores
894 2402 1109 2474 remittunt:
1135 2427 1212 2503 quar
1240 2402 1448 2492 curfitatio,
1477 2428 1518 2475 ac

413 2502 528 2580 veluti
545 2501 734 2580 flu&uatio
749 2502 855 2589 modo
874 2503 964 2593 huc,
980 2501 1087 2575 modo
1101 2500 1212 2593 illuc,
1229 2500 1395 2592 nimium,
1407 2527 1518 2603 quan·

413 2605 489 2679 tiam
516 2603 670 2680 Tirones
689 2601 876 2695 distrahit,
902 2602 1028 2707 quibus
1057 2600 1250 2676 consultius
1279 2600 1361 2674 elfet
1391 2601 1518 2675 eodem

413 2705 501 2777 duce
521 2705 658 2778 cursum
678 2728 819 2778 currere
841 2704 1028 2795 eumdem,
1050 2729 1089 2775 ac
1109 2701 1183 2800 jugi
1205 2724 1329 2776 tenore
1349 2701 1393 2775 ad
1415 2700 1517 2793 hujus

415 2803 596 2878 facultatis
617 2822 747 2904 caput,
776 2803 911 2878 fontem
941 2830 982 2878 ue
1010 2804 1219 2904 pervenire.

515 2908 643 3007 Neque
674 2902 783 2976 ctiam
812 2903 855 2976 iis
884 2831 1073 2996 alienum,
1101 2904 1162 3007 qui
1193 2930 1233 2978 ea
1254 2930 1365 3005 nuper
1384 2902 1515 2977 sentire

413 3027 620 3105 creperum,
648 3028 725 3107 quae
746 3004 850 3077 doleo
870 3004 938 3093 jam
966 3004 1109 3105 probari
1140 3004 1176 3078 in
1208 3005 1358 3103 vulgus3
1383 3005 1516 3107 quique

413 3103 451 3177 in
472 3103 513 3177 ca
534 3103 652 3178 haerefi
672 3104 773 3195 funt,
800 3127 838 3176 ut
859 3125 985 3204 putent
1007 3104 1042 3178 in
1065 3104 1212 3179 scientia
1238 3105 1398 3178 omniurn
1422 3106 1517 3203 prin-

413 3206 490 3304 cipe
520 3203 859 3279 demonstrationum
880 3206 1030 3280 salebras
1050 3205 1171 3279 omitti
1193 3229 1382 3305 oportere:
1412 3226 1518 3303 caput

412 3304 477 3378 effe
498 3305 540 3379 ad
563 3304 674 3397 bene,
702 3304 855 3407 apteque
885 3305 1107 3400 docendum,
1138 3306 1162 3378 f1
1193 3332 1239 3379 ex
1271 3305 1413 3405 singulis
1433 3308 1517 3376 Ma-

414 3403 550 3478 thefeos
579 3406 737 3504 partibus
766 3431 935 3507 excerpas
964 3433 1114 3506 praxea,
1145 3427 1183 3481 ut
1206 3430 1360 3498 vocant,
1392 3406 1515 3505 praci-

411 3530 518 3607 puas,
539 3504 630 3579 unde
653 3504 743 3578 unde
764 3508 1050 3605 proficiscantur.
1078 3505 1192 3598 Ajunt
1221 3507 1285 3578 hac
1313 3528 1392 3577 arte
1419 3529 1515 3575 com·

413 3602 532 3705 parari
562 3629 665 3699 eam,
700 3630 807 3707 quam
836 3606 898 3707 ipfr
927 3609 1106 3708 appellant
1134 3606 1315 3695 discendi,
1347 3597 1516 3676 docendi-

410 3731 479 3808 que
500 3704 735 3796 facilitatem.
762 3706 804 3795 In
823 3733 896 3809 quo
916 3710 1027 3781 verbo
1046 3706 1140 3805 lapsa
1160 3703 1377 3777 cousuetudo
1407 3703 1516 3776 delle·

412 3805 468 3880 xit
490 3804 532 3879 de
554 3804 636 3897 via,
665 3803 855 3910 senlirnque
876 3809 919 3881 eo
939 3805 1092 3879 dedufla
1113 3804 1181 3897 est,
1210 3825 1248 3878 ut
1270 3804 1361 3877 hisce
1383 3805 1516 3877 lenoci-

411 3904 479 3979 niis
506 3928 687 4009 quaeratur
706 3907 844 3981 latebra
864 3906 1035 3980 inscitiae:
1062 3931 1168 4007 quem
1200 3906 1319 3979 locum
1354 3903 1517 3978 breviter

410 4003 599 4105 perstrinxi
614 4007 792 4107 superiore
809 4006 940 4081 Libro.
960 4006 1198 4079 Conferamus
1214 4005 1326 4105 igitur
1343 4004 1383 4078 in
1416 4028 1515 4098 auca3

411 4105 450 4178 ὃς·
467 4106 637 4223 quoniam
657 4107 701 4181 ab
730 4106 795 4179 hac
823 4106 928 4179 laude
960 4105 1074 4206 rigide
1103 4107 1224 4181 omnia
1253 4031 1519 4179 demonlirandi

407 4207 643 4310 proficiscitur
662 4205 895 4301 Geometria‚
922 4204 1152 4324 &quidquid
1172 4206 1249 4301 est,·
1270 4233 1317 4282 ex
1345 4206 1412 4380 ξῗς
1425 4203 1525 4379 dgst3.

928 4326 958 4352 ·”
1323 4333 1342 4379 a
1383 4331 1422 4379 ur
