3500 5234
520 741 1229 816 noco-uunTiuotinon.
1324 763 1370 836 51

322 864 394 945 qua
413 837 509 914 enim
531 838 760 941 proportione
787 861 937 939 augetur
966 865 1130 916 numerus
1155 838 1271 935 radii,
1298 841 1424 915 eudem

320 939 483 1017 crescunt
503 939 644 1015 numeri
664 937 821 1014 sinuum.

547 1140 1092 1214 OBSERVATIO
1143 1140 1201 1215 11.

319 1365 387 1441 70.
499 1339 572 1414 Uia
594 1361 761 1437 praterea
789 1340 978 1437 agendam,
1007 1359 1047 1412 ut
1073 1338 1191 1412 tabula
1204 1336 1339 1436 finium
1366 1368 1425 1416 ex·

523 1440 683 1541 qaifitr'ics
701 1440 934 1542 construatur,
958 1436 1156 1544 poſscofinu
1182 1458 1247 1513 toto
1270 1446 1425 1535 partium

323 1562 504 1634 100000,
524 1562 585 1614 aar
604 1547 707 1616 etiam
722 1546 939 1638 pauciorum.

422 1642 474 1717 Ut
504 1663 622 1714 autem
644 1640 842 1732 hujusmodi
862 1665 1023 1732 errores,
1051 1638 1114 1741 qui
1134 1636 1326 1712 necessario
1351 1639 1427 1714 sub·

322 1736 430 1813 eundi
459 1738 536 1814 sunt
567 1741 604 1814 in
632 1742 770 1816 calculo
799 1740 958 1831 [inuum‚
987 1764 1212 1841 nequaquam
1241 1736 1427 1830 officiant,

321 1837 453 1913 docent
490 1837 631 1940 iusuper
669 1839 981 1915 construendorum
1019 1839 1222 1912 tabularum
1251 1838 1427 1930 artifices,

322 1937 437 2040 pofito
454 1964 604 2017 numero
622 1939 778 2045 partium
799 1938 915 2027 radii,
940 1960 1116 2028 100000,
1135 1958 1195 2011 aut
1214 1937 1325 2011 etiam
1344 1963 1428 2036 pau·

322 2038 485 2130 ciorum,
520 2037 602 2115 addi
637 2038 765 2112 debere
794 2059 1021 2139 quotcunque
1049 2036 1208 2136 ciphras,
1241 2058 1350 2136 puta,
1378 2060 1426 2129 2,

323 2158 384 2211 aut
404 2161 454 2233 3,
473 2155 536 2210 aut
558 2162 605 2231 ς,
626 2159 665 2209 ut
686 2138 748 2209 fiat
772 2157 1033 2226 1.ooooo.00,
1053 2137 1113 2209 vel
1138 2158 1425 2228 100000.ooo,

321 2237 385 2313 vel
415 2235 527 2310 etiam
558 2256 898 2326 100000.0oooo;
922 2233 965 2307 ad
994 2259 1099 2335 quem
1128 2234 1267 2309 radium
1289 2234 1341 2309 ita
1362 2262 1425 2311 au·
1483 2241 1488 2251 '

310 2336 424 2413 trum
452 2333 617 2434 componi
645 2334 750 2410 debet
769 2333 910 2433 integer
928 2360 1041 2408 canon
1062 2334 1219 2426 furuum,
1244 2334 1306 2437 qui
1324 2335 1425 2410 dein·

322 2433 367 2507 de
387 2432 579 2508 mutilandi
599 2433 677 2510 sunt
697 2457 751 2511 tot
767 2434 888 2533 figuris
903 2433 947 2507 ad
964 2434 1175 2529 dexteram,
1190 2458 1278 2537 quot
1295 2436 1424 2536 ciphtae

323 2533 465 2608 fuerant
499 2532 694 2632 adjuntrae,
723 2555 763 2611 ut
792 2560 908 2609 canon
937 2533 1148 2636 compofitus
1177 2535 1351 2612 habeatur
1379 2534 1424 2611 ad

322 2633 463 2714 radium
487 2656 660 2712 100000.

421 2732 535 2811 Ratio
562 2732 634 2825 est,
688 2735 745 2811 uia
776 2761 915 2811 errores
932 2734 1066 2810 finuum
1086 2734 1211 2812 moltis
1229 2736 1324 2812 notis
1343 2764 1425 2812 con·

322 2830 489 2907 stantium
503 2860 575 2908 non
595 2762 779 2911 veriantut
798 2835 862 2909 nist
882 2835 921 2910 in
938 2835 1062 2938 primis
1079 2836 1194 2911 notis.
1221 2839 1277 2911 Ita
1291 2838 1426 2936 Regio·

321 2953 536 3027 montanus,
561 2930 640 3007 cum
659 2934 749 3010 finus
769 2957 915 3036 cuperet
935 2936 979 3009 ad
999 2957 1118 3038 partes
1137 2936 1230 3010 radii
1251 2935 1423 3029 600000,

321 3030 497 3133 affutnpfit
516 3032 657 3108 radium
678 3035 836 3108 600000
849 3085 858 3107 .
872 3058 1002 3130 00003
1031 3035 1068 3108 &
1088 3061 1108 3109 a
1128 3035 1257 3109 finibus
1277 3035 1321 3108 ad
1342 3062 1423 3110 eum

320 3130 464 3206 radium
474 3131 669 3234 supputatis
685 3134 813 3234 primas
828 3156 984 3236 quatuor
999 3156 1102 3209 notas
1119 3134 1275 3210 sustulit.
1291 3134 1425 3210 Simili·

322 3252 380 3307 ter
390 3231 587 3324 Rheticus,
603 3254 642 3309 ut
654 3236 800 3309 haberet
811 3233 902 3310 finus
911 3234 955 3308 ad
966 3235 1107 3308 radium
1121 3257 1425 3327 roooooooooo‚

320 3329 495 3430 affumpfit
515 3331 656 3411 radium
678 3356 1156 3426 roooooooooo.ooooo;
1181 3332 1219 3405 dc
1250 3358 1270 3405 a
1297 3332 1426 3410 finibus

317 3429 496 3532 pechone
514 3432 666 3545 repertis
686 3431 858 3535 proscidit
879 3432 966 3534 quin
994 3458 1036 3507 ue
1053 3453 1155 3506 notas
1171 3431 1323 3533 primas.
1341 3439 1426 3526 Quo

317 3525 477 3604 artificio
494 3529 703 3626 obttnetur,
728 3552 768 3605 ut
788 3552 882 3605 notat
900 3458 1045 3608 'residuae
1074 3558 1196 3608 omnes
1226 3559 1319 3607 verat
1347 3535 1427 3610 exi·

318 3625 436 3723 stant3
454 3655 494 3703 ac
512 3630 662 3731 proinde
684 3631 774 3708 sinus
794 3630 846 3705 ita
867 3630 1018 3733 reperti,
1033 3658 1054 3707 a
1069 3632 1164 3707 veris
1175 3659 1246 3708 non
1256 3633 1425 3711 deficiant

317 3753 383 3829 per
403 3755 509 3804 unam
533 3730 712 3829 integram
732 3756 853 3807 earum
873 3731 1054 3833 partium,
1103 3758 1229 3807 uatum
1248 3732 1367 3809 radius
1386 3735 1424 3808 in

319 3828 476 3920 tabulis,
501 3827 571 3905 sive
590 3855 725 3905 canone
742 3831 946 3908 adsumitur.
982 3832 1082 3922 Huju
1134 3830 1196 3907 odi
1211 3832 1290 3911 sunt
1305 3833 1333 3907 ii
1349 3860 1426 3910 oms

318 3954 408 4023 nes,
432 3927 495 4031 qui
521 3929 561 4007 in
580 3930 711 4008 tabulis
727 3932 851 4034 -paffim
870 3931 1040 4035 descripti
1059 3931 1159 4009 suut.

816 4333 904 4408 Dr.
