3500 5234
541 720 605 790 Dr
629 718 816 790 Cauoua
841 717 1199 792 Looarrrumrco·.
1301 742 1374 822 153

316 823 462 922 semper
480 816 708 907 observabis,
723 837 878 919 quatuor
892 816 1039 908 saltem,
1056 839 1117 892 aut
1158 818 1287 934 uinque
1305 850 1427 902 nume·

317 948 379 997 ros
409 918 620 1021 compositos
651 916 709 990 vel
735 913 969 1011 antecedere,
998 919 1057 993 vel
1078 845 1235 1023 sublequr
1253 927 1428 1003 continnb

317 1022 521 1127 quemlibet
542 1039 727 1092 numerum
750 1017 922 1117 primum.

424 1121 493 1194 His
512 1116 784 1208 animadverfis,
811 1115 1075 1220 conllrudllque
1097 1111 1166 1207 iam
1186 1116 1308 1198 tabula
1327 1120 1426 1226 loga.

321 1216 493 1296 rithmica
520 1219 680 1295 omnium
712 1242 938 1292 numerorum
964 1219 1181 1293 naturalium
1209 1223 1253 1296 ab
1278 1246 1293 1297 1
1319 1226 1428 1328 usque

321 1323 367 1395 ad
403 1336 527 1411 1000,
554 1341 592 1393 ut
622 1317 806 1392 docuimus
836 1332 871 1390 n.
906 1317 1180 1414 184.&185.,
1209 1320 1280 1395 hac
1300 1327 1424 1401 eadem

322 1421 527 1496 continuari
558 1415 693 1520 poterit
721 1443 742 1493 a
773 1440 872 1491 1000
892 1417 936 1490 ad
956 1418 1152 1521 quemlibet
1172 1421 1283 1496 aliurn
1301 1448 1425 1500 nume·

323 1547 428 1612 rum,
455 1519 520 1595 hoc
539 1517 715 1592 artificio.

426 1622 454 1691 1.
481 1620 513 1692 E
532 1618 676 1716 regione
696 1611 846 1704 cujusvis
865 1613 1005 1692 numeri
1034 1617 1217 1719 compositi
1246 1619 1424 1698 collocen-

324 1740 384 1794 tur
404 1717 635 1819 logaritbmi,
660 1715 724 1820 qui
739 1715 782 1790 ad
800 1715 962 1792 eumdem
979 1715 1159 1818 spedlant3
1183 1720 1220 1794 de
1237 1720 1424 1799 invenien-

324 1841 383 1895 tur
404 1845 466 1920 per
487 1817 633 1919 praeced.
660 1816 780 1892 Probl.
1144 1821 1148 1827 ’

427 1919 473 1991 ll.
501 1918 568 1992 His
597 1915 740 2018 posrtis,
768 1940 886 1991 vacuae
915 1915 1147 1993 remanebunt
1172 1917 1308 1994 cellulae
1328 1917 1425 2021 loga·

322 2017 568 2112 rithmorum,
602 2015 664 2120 qui
691 2018 847 2090 numeris
901 2016 999 2091 rimis
1026 2013 1233 2117 respondere
1263 2019 1421 2119 debent,

316 2117 422 2192 inter
432 2139 534 2222 quos,
550 2135 610 2191 aut
620 2114 719 2217 supra
730 2165 742 2208 ,
754 2136 815 2190 aut
826 2044 941 2208 iulia,
955 2117 1087 2217 semper
1098 2116 1322 2194 habebuntur
1361 2144 1426 2195 ua·'

318 2239 436 2309 tuor,
464 2239 525 2290 aut
552 2215 705 2329 quinque
735 2215 943 2316 logarithmi
968 2223 1192 2291 numerorum
1213 2149 1422 2322 compoltto·

316 2343 433 2409 rum,
460 2315 545 2391 serie
566 2341 635 2388 non
656 2335 879 2416 rnterrupta,
905 2338 945 2391 ut
964 2314 1033 2408 jam
1053 2316 1230 2392 diximus.
1333 2332 1334 2335 ’

425 2414 492 2488 111.
506 2412 637 2490 Sedulb
654 2415 903 2508 examinetur,
919 2416 1090 2519 quanttlm
1106 2439 1300 2517 augeantur
1311 2416 1421 2496 iidem

313 2513 555 2614 logarithmi3
580 2515 786 2617 notabisque
807 2514 873 2589 hoc
894 2517 988 2590 idem
1009 2517 1266 2592 incrementum
1287 2520 1421 2619 semper

317 2615 476 2690 diminui
496 2634 594 2689 certa
613 2610 764 2719 quadam
810 2615 1011 2709 uantitate,
1037 2639 1113 2720 qua
1133 2641 1203 2690 non
1223 2612 1270 2690 est
1288 2617 1422 2720 semper

319 2716 471 2807 eadem,
492 2714 547 2789 sed
568 2741 645 2817 qua
666 2741 735 2789 non
755 2642 817 2789 nili
837 2715 975 2791 unitate
997 2715 1135 2791 variare
1156 2714 1282 2807 debet.

380 2834 384 2841 ·
421 2815 487 2887 lV.
514 2817 779 2909 Quamobrem,
813 2816 957 2915 cognita
981 2811 1208 2910 differentia,
1235 2840 1311 2920 qua
1343 2842 1421 2920 per·

321 2911 434 3016 petub
461 2936 587 3015 regnat
618 2914 712 2990 inter
738 2916 1163 3016 lugarithmosinventos
1190 2939 1418 2993 numerorum

320 3013 619 3115 compositorum,
644 3014 786 3090 decerni
815 3015 932 3090 llatim
962 3016 1119 3116 poterit,
1150 3012 1323 3130 quantum
1346 3017 1418 3090 haec

320 3112 553 3228 diminuenda
573 3114 637 3209 stt,
663 3138 702 3191 ut
722 3116 955 3192 inveniantur
970 3116 1177 3214 logarithmr
1193 3139 1420 3191 numerorum

321 3237 539 3314 prrmotum.

423 3311 640 3412 Exemplum.
665 3316 760 3390 Pone
780 3312 848 3406 jam
866 3313 1032 3392 inventos
1048 3312 1280 3414 logarithmos
1297 3335 1418 3386 nume-

320 3437 444 3486 rorum
465 3415 679 3489 naturalium
700 3439 799 3489 1000
821 3413 986 3520 usquead
1010 3420 1132 3507 1008,
1159 3437 1197 3489 ut
1219 3415 1255 3487 in
1275 3414 1420 3516 sequen·

320 3513 350 3586 ti
372 3512 519 3608 tabula;
544 3513 654 3618 sitque
674 3516 909 3593 inveniendus
929 3518 1161 3616 logarithmus
1181 3514 1318 3613 numeri
1346 3513 1418 3615 pri·

320 3613 368 3685 mi
393 3632 516 3712 1009.
1110 3623 1115 3630 '

419 3713 457 3786 Si
481 3711 688 3812 logarithmi
715 3712 855 3804 inventi
884 3713 1037 3791 invicem
1067 3711 1339 3806 subtrahantur,
1366 3710 1419 3786 al·

321 3831 376 3885 ter
406 3813 451 3888 ab
482 3815 620 3905 altero,
647 3814 713 3889 hoc
741 3815 812 3910 ell,
839 3817 1071 3918 logaritbmus
1101 3813 1239 3890 numeri
1275 3833 1416 3887 roooa

318 3906 538 4010 lugarithmo
567 3915 704 3988 numeri
737 3937 859 4009 1001,
885 3940 990 4020 atque
1021 3917 1072 3992 ita
1093 3915 1280 4016 deinceps,
1311 3910 1415 4015 usque

316 4013 359 4084 ad
394 4014 518 4103 1008,
544 4015 685 4090 notabis
714 4014 931 4092 differentias
951 4010 1244 4116 logarithmolum
1264 4008 1416 4087 diminui

315 4132 417 4187 certa
438 4113 590 4212 quadam
611 4114 834 4226 quantitate,
854 4143 930 4218 quae
952 4118 1067 4191 variat
1090 4112 1280 4207 inter4&
1304 4136 1348 4207 ς.

415 4212 564 4307 (ΜΒ,
596 4213 631 4286 si-
649 4213 853 4289 differentia
880 4238 984 4313 4310
1014 4213 1249 4316 (logarithmi
1279 4204 1417 4284 numeri

1268 4330 1366 4406 1007
