3500 5234
478 889 1136 966 DEFINITIONES.
1268 816 1308 867 u

257 1116 295 1187 7.
414 1092 467 1162 Rs
496 1087 733 1182 dimetiendi,
758 1088 815 1163 seu
835 1089 1035 1166 resolvendi
1056 1092 1257 1193 triangula,
1278 1093 1365 1170 dici·

443 1210 502 1262 tur
521 1193 811 1286 Trigonometria.
847 1192 958 1262 Porro
987 1191 1206 1289 triangulum
1234 1220 1364 1288 omne,

256 1310 297 1363 ut
314 1290 424 1391 perse
441 1309 564 1389 patet,
590 1316 636 1364 ex
656 1289 771 1365 tribus
786 1288 958 1364 lateribus
974 1288 1137 1382 constat,
1164 1293 1202 1367 &
1222 1322 1268 1369 ex
1298 1294 1364 1370 tri·

255 1390 320 1464 bus
340 1389 502 1489 angulis3
530 1415 578 1463 ex
596 1386 747 1492 quibus,
774 1388 798 1462 sr
816 1389 887 1463 tria
904 1388 970 1462 smt
989 1410 1099 1480 nota,
1114 1388 1185 1464 tria
1201 1395 1363 1497 reliqua,

253 1516 331 1592 quae
358 1490 436 1565 sunt
464 1488 617 1587 ignota,
642 1485 899 1564 inveniuntur.
925 1492 1013 1561 Haec
1038 1488 1206 1562 inventio
1231 1492 1364 1569 dicitur

254 1589 448 1689 Resolurio,
472 1589 530 1664 seu
557 1587 718 1691 Analyfis
743 1587 1029 1688 triangulorum.
1073 1588 1234 1663 Scientia
1253 1592 1364 1687 igitur

253 1714 319 1781 ea,
350 1690 426 1802 'quae
455 1712 500 1762 ex
530 1688 624 1764 datis
654 1685 826 1788 trianguli
852 1690 1026 1764 lateribus
1053 1687 1227 1789 angulos,
1254 1690 1291 1763 &
1317 1718 1363 1763 ex

252 1791 391 1886 angulrs
421 1790 559 1881 latera,
587 1790 785 1864 laterumve
817 1789 999 1882 rationes,
1027 1808 1088 1862 aut
1111 1786 1259 1860 mixtim
1281 1789 1367 1862 alle·

251 1889 400 1989 quitur,
428 1891 698 1985 Trigonometria
733 1891 960 1991 appellatur,
994 1908 1071 1991 quae
1103 1885 1365 1987 triangulorum

252 1988 506 2063 dimensionem
526 2015 640 2087 graeco
666 1991 842 2064 vocabulo
869 1984 1065 2087 exprimit.

351 2087 591 2189 Triangulum
618 2089 750 2189 duplex
776 2087 846 2180 est,
874 2088 971 2161 aliud
993 2084 1159 2184 planum,
1197 2085 1234 2162 dc
1265 2089 1363 2164 aliud

241 2186 467 2289 sphaericum.
518 2188 754 2287 Triangulum
782 2190 926 2288 planum
952 2184 1023 2280 est,
1052 2187 1147 2291 quod
1175 2189 1364 2264 extribus

249 2287 360 2360 reddis
380 2286 513 2361 constat
534 2286 660 2379 lineis,
688 2315 763 2391 quae
785 2287 858 2377 ejus
880 2290 994 2362 latera
1014 2288 1206 2363 dicuntur.
1231 2290 1365 2363 Trian-

248 2387 375 2486 gulum
395 2387 597 2487 sphaericum
618 2388 689 2481 est,
715 2388 810 2491 quod
832 2388 869 2463 in
891 2389 1026 2489 sphaerae
1048 2387 1228 2488 superficie
1249 2415 1269 2462 a
1295 2388 1362 2463 tri·

250 2490 315 2561 bus
346 2486 497 2577 ejusdem
529 2487 664 2587 lphaerae
696 2488 1184 2567 maximorumcirculorum
1213 2488 1363 2563 arcubus

251 2586 586 2688 comprehenditur.

353 2688 449 2761 Hinc
478 2684 772 2787 Trigonometria
800 2713 942 2794 quoque
972 2684 1106 2791 duplex
1136 2683 1207 2783 est,
1234 2717 1361 2791 nempe

251 2789 379 2889 plana,
406 2814 483 2903 quae
512 2788 605 2861 circa
636 2792 815 2891 triangula
844 2794 972 2892 plana;
1002 2793 1039 2866 δε
1066 2791 1255 2892 sphaerica,
1285 2815 1361 2894 quae

251 2890 345 2962 circa
370 2891 554 2987 -trrangula
584 2890 748 2990 sphaerica
778 2892 961 2967 versatur.

351 2992 474 3080 Quare
494 2989 531 3063 in
552 3013 707 3092 quatuor
727 3014 846 3092 partes
872 2989 965 3067 hunc
997 2988 1192 3068 tradlatum
1222 2986 1364 3064 divide·

250 3114 350 3163 mus.
376 3090 494 3163 Prima
515 3114 596 3189 aget
613 3091 656 3163 de
674 3089 932 3168 construerione
949 3092 1171 3168 Tabularum
1187 3090 1362 3180 Sinuum,

250 3190 522 3287 Tangentium,
554 3190 590 3263 δε
627 3195 855 3285 secantium3
884 3193 1045 3267 Secunda
1075 3192 1117 3265 de
1154 3188 1364 3285 Triangulis

251 3290 547 3461 pllaqnisjnTertia
572 3291 615 3364 de
635 3293 902 3390 Logarithmis3
930 3297 1070 3382 Quarta
1089 3291 1132 3363 de
1153 3286 1363 3387 Triangulis

268 3413 446 3488 paencrs.
