<?xml version="1.0" encoding="UTF-8"?>
<!DOCTYPE html PUBLIC "-//W3C//DTD XHTML 1.0 Transitional//EN"
    "http://www.w3.org/TR/xhtml1/DTD/xhtml1-transitional.dtd">
<html xmlns="http://www.w3.org/1999/xhtml" xml:lang="en" lang="en">
 <head>
  <title>
</title>
<meta http-equiv="Content-Type" content="text/html;charset=utf-8" />
  <meta name='ocr-system' content='tesseract 3.04.00' />
  <meta name='ocr-capabilities' content='ocr_page ocr_carea ocr_par ocr_line ocrx_word'/>
</head>
<body>
  <div class='ocr_page' id='page_1' title='image "./trigonometriaet00leccgoog_0334.png"; bbox 0 0 3500 5234; ppageno 0'>
   <div class='ocr_carea' id='block_1_1' title="bbox 370 663 1182 915">
    <p class='ocr_par' dir='ltr' id='par_1_1' title="bbox 370 663 1182 915">
     <span class='ocr_line' id='line_1_1' title="bbox 370 663 1182 793; baseline -0.006 -25"><span class='ocrx_word' id='word_1_1' title='bbox 370 715 449 793; x_wconf 73' lang='lat'><em>3²0</em></span> <span class='ocrx_word' id='word_1_2' title='bbox 562 663 954 774; x_wconf 64' lang='lat' dir='ltr'><em>Tarconomnrnrn</em></span> <span class='ocrx_word' id='word_1_3' title='bbox 980 680 1087 770; x_wconf 68' lang='lat' dir='ltr'><em>Burs</em></span> <span class='ocrx_word' id='word_1_4' title='bbox 1116 688 1182 763; x_wconf 63' lang='grc' dir='ltr'><em>Νι</em></span> 
     </span>
     <span class='ocr_line' id='line_1_2' title="bbox 718 829 967 915; baseline -0.004 -1"><span class='ocrx_word' id='word_1_5' title='bbox 718 835 733 844; x_wconf 72' lang='grc'><strong>”</strong></span> <span class='ocrx_word' id='word_1_6' title='bbox 794 829 967 915; x_wconf 63' lang='grc' dir='ltr'><em>ἒσῶὸίῖοηζ</em></span> 
     </span>
    </p>
   </div>
   <div class='ocr_carea' id='block_1_2' title="bbox 320 935 1426 1292">
    <p class='ocr_par' dir='ltr' id='par_1_2' title="bbox 320 935 1426 1292">
     <span class='ocr_line' id='line_1_3' title="bbox 393 935 1424 1091; baseline 0.003 -27"><span class='ocrx_word' id='word_1_7' title='bbox 393 967 396 972; x_wconf 42' lang='grc'><strong>’</strong></span> <span class='ocrx_word' id='word_1_8' title='bbox 430 992 497 1064; x_wconf 86' lang='lat' dir='ltr'><em>AEc</em></span> <span class='ocrx_word' id='word_1_9' title='bbox 513 992 623 1065; x_wconf 92' lang='lat' dir='ltr'><em>omnia</em></span> <span class='ocrx_word' id='word_1_10' title='bbox 636 990 754 1085; x_wconf 91' lang='lat' dir='ltr'><em>palam</em></span> <span class='ocrx_word' id='word_1_11' title='bbox 773 990 944 1090; x_wconf 80' lang='lat' dir='ltr'><em>onustam,</em></span> <span class='ocrx_word' id='word_1_12' title='bbox 958 985 992 1085; x_wconf 80' lang='lat' dir='ltr'><em>st</em></span> <span class='ocrx_word' id='word_1_13' title='bbox 1010 992 1077 1064; x_wconf 91' lang='lat' dir='ltr'><em>rite</em></span> <span class='ocrx_word' id='word_1_14' title='bbox 1091 935 1300 1086; x_wconf 87' lang='lat' dir='ltr'><em>concipiatur</em></span> <span class='ocrx_word' id='word_1_15' title='bbox 1311 986 1424 1091; x_wconf 79' lang='lat' dir='ltr'><em>posttio</em></span> 
     </span>
     <span class='ocr_line' id='line_1_4' title="bbox 453 1088 1426 1191; baseline 0.003 -29"><span class='ocrx_word' id='word_1_16' title='bbox 453 1091 594 1164; x_wconf 87' lang='lat' dir='ltr'><em>latorum</em></span> <span class='ocrx_word' id='word_1_17' title='bbox 614 1093 687 1162; x_wconf 89' lang='lat' dir='ltr'><em>AB</em></span> <span class='ocrx_word' id='word_1_18' title='bbox 702 1090 750 1167; x_wconf 60' lang='grc' dir='ltr'><em>(δ’</em></span> <span class='ocrx_word' id='word_1_19' title='bbox 766 1093 842 1164; x_wconf 89' lang='lat' dir='ltr'><em>AC</em></span> <span class='ocrx_word' id='word_1_20' title='bbox 859 1088 1006 1191; x_wconf 77' lang='lat' dir='ltr'><em>respeiiu</em></span> <span class='ocrx_word' id='word_1_21' title='bbox 1017 1089 1311 1189; x_wconf 77' lang='lat' dir='ltr'><em>perpendicularis</em></span> <span class='ocrx_word' id='word_1_22' title='bbox 1327 1095 1361 1163; x_wconf 89' lang='lat' dir='ltr'>A</span> <span class='ocrx_word' id='word_1_23' title='bbox 1370 1095 1426 1187; x_wconf 83' lang='lat' dir='ltr'><em>D3</em></span> 
     </span>
     <span class='ocr_line' id='line_1_5' title="bbox 320 1189 1368 1292; baseline -0.01 -18"><span class='ocrx_word' id='word_1_24' title='bbox 320 1194 388 1274; x_wconf 80' lang='lat' dir='ltr'><em>dac</em></span> <span class='ocrx_word' id='word_1_25' title='bbox 407 1217 519 1269; x_wconf 88' lang='lat' dir='ltr'><em>autem</em></span> <span class='ocrx_word' id='word_1_26' title='bbox 535 1189 653 1291; x_wconf 80' lang='lat' dir='ltr'><em>pofitio</em></span> <span class='ocrx_word' id='word_1_27' title='bbox 668 1192 795 1286; x_wconf 90' lang='lat' dir='ltr'><em>pendet</em></span> <span class='ocrx_word' id='word_1_28' title='bbox 814 1219 835 1267; x_wconf 95' lang='lat' dir='ltr'><em>a</em></span> <span class='ocrx_word' id='word_1_29' title='bbox 846 1190 963 1292; x_wconf 91' lang='lat' dir='ltr'><em>specie</em></span> <span class='ocrx_word' id='word_1_30' title='bbox 982 1192 1177 1288; x_wconf 82' lang='lat' dir='ltr'><em>angulorum</em></span> <span class='ocrx_word' id='word_1_31' title='bbox 1196 1194 1225 1266; x_wconf 88' lang='lat' dir='ltr'>B</span> <span class='ocrx_word' id='word_1_32' title='bbox 1244 1198 1294 1268; x_wconf 58' lang='grc' dir='ltr'><em>(Ψ</em></span> <span class='ocrx_word' id='word_1_33' title='bbox 1314 1192 1368 1265; x_wconf 85' lang='lat' dir='ltr'><em>C.</em></span> 
     </span>
    </p>
   </div>
   <div class='ocr_carea' id='block_1_3' title="bbox 762 1333 1075 1443">
    <p class='ocr_par' dir='ltr' id='par_1_3' title="bbox 762 1333 1075 1443">
     <span class='ocr_line' id='line_1_6' title="bbox 762 1333 1075 1443; baseline -0.003 -24"><span class='ocrx_word' id='word_1_34' title='bbox 762 1346 937 1419; x_wconf 88' lang='lat' dir='ltr'><em>Monitum</em></span> <span class='ocrx_word' id='word_1_35' title='bbox 956 1333 995 1418; x_wconf 50' lang='lat' dir='ltr'><em>&#39;I&#39;-</em></span> <span class='ocrx_word' id='word_1_36' title='bbox 1072 1437 1075 1443; x_wconf 18' lang='grc' dir='ltr'>Ι</span> 
     </span>
    </p>
   </div>
   <div class='ocr_carea' id='block_1_4' title="bbox 317 1490 1437 2902">
    <p class='ocr_par' dir='ltr' id='par_1_4' title="bbox 317 1490 1432 2097">
     <span class='ocr_line' id='line_1_7' title="bbox 319 1490 1431 1592; baseline -0.002 -22"><span class='ocrx_word' id='word_1_37' title='bbox 319 1517 412 1591; x_wconf 81' lang='lat'><em>412·</em></span> <span class='ocrx_word' id='word_1_38' title='bbox 486 1498 510 1566; x_wconf 88' lang='grc' dir='ltr'><em>Ι</em></span> <span class='ocrx_word' id='word_1_39' title='bbox 537 1493 670 1590; x_wconf 88' lang='lat' dir='ltr'><em>quando</em></span> <span class='ocrx_word' id='word_1_40' title='bbox 696 1515 766 1569; x_wconf 89' lang='lat' dir='ltr'><em>tres</em></span> <span class='ocrx_word' id='word_1_41' title='bbox 789 1514 908 1590; x_wconf 92' lang='lat' dir='ltr'><em>partes</em></span> <span class='ocrx_word' id='word_1_42' title='bbox 932 1491 1024 1567; x_wconf 76' lang='lat' dir='ltr'><em>date</em></span> <span class='ocrx_word' id='word_1_43' title='bbox 1042 1493 1080 1565; x_wconf 90' lang='lat' dir='ltr'><em>in</em></span> <span class='ocrx_word' id='word_1_44' title='bbox 1099 1490 1431 1592; x_wconf 63' lang='lat' dir='ltr'><em>analyfituianguli,</em></span> 
     </span>
     <span class='ocr_line' id='line_1_8' title="bbox 328 1591 1432 1693; baseline 0.002 -26"><span class='ocrx_word' id='word_1_45' title='bbox 328 1641 332 1650; x_wconf 71' lang='lat'><em>›</em></span> <span class='ocrx_word' id='word_1_46' title='bbox 504 1591 576 1693; x_wconf 77' lang='lat' dir='ltr'><em>stnt</em></span> <span class='ocrx_word' id='word_1_47' title='bbox 605 1594 663 1667; x_wconf 86' lang='lat' dir='ltr'><em>vel</em></span> <span class='ocrx_word' id='word_1_48' title='bbox 690 1599 761 1670; x_wconf 92' lang='lat' dir='ltr'><em>tria</em></span> <span class='ocrx_word' id='word_1_49' title='bbox 787 1595 922 1684; x_wconf 91' lang='lat' dir='ltr'><em>latera,</em></span> <span class='ocrx_word' id='word_1_50' title='bbox 951 1591 1097 1670; x_wconf 87' lang='lat' dir='ltr'><em>veltres</em></span> <span class='ocrx_word' id='word_1_51' title='bbox 1117 1593 1432 1689; x_wconf 78' lang='lat' dir='ltr'><em>auguli,·:ueltter</em></span> 
     </span>
     <span class='ocr_line' id='line_1_9' title="bbox 317 1687 1432 1795; baseline 0.001 -26"><span class='ocrx_word' id='word_1_52' title='bbox 317 1715 435 1795; x_wconf 88' lang='lat' dir='ltr'><em>partes</em></span> <span class='ocrx_word' id='word_1_53' title='bbox 452 1694 565 1785; x_wconf 81' lang='lat' dir='ltr'><em>date,</em></span> <span class='ocrx_word' id='word_1_54' title='bbox 595 1699 643 1770; x_wconf 68' lang='grc' dir='ltr'>Θ</span> <span class='ocrx_word' id='word_1_55' title='bbox 663 1691 833 1795; x_wconf 76' lang='lat' dir='ltr'><em>quaesttae,</em></span> <span class='ocrx_word' id='word_1_56' title='bbox 848 1691 920 1795; x_wconf 76' lang='lat' dir='ltr'><em>fiat</em></span> <span class='ocrx_word' id='word_1_57' title='bbox 940 1687 1117 1791; x_wconf 80' lang='lat' dir='ltr'><em>oppofitae,</em></span> <span class='ocrx_word' id='word_1_58' title='bbox 1137 1697 1226 1773; x_wconf 71' lang='lat' dir='ltr'><em>dine</em></span> <span class='ocrx_word' id='word_1_59' title='bbox 1243 1696 1359 1789; x_wconf 85' lang='lat' dir='ltr'><em>binis,</em></span> <span class='ocrx_word' id='word_1_60' title='bbox 1379 1722 1432 1770; x_wconf 86' lang='lat' dir='ltr'><em>ne·</em></span> 
     </span>
     <span class='ocr_line' id='line_1_10' title="bbox 319 1792 1432 1895; baseline 0.001 -26"><span class='ocrx_word' id='word_1_61' title='bbox 319 1792 402 1895; x_wconf 80' lang='lat' dir='ltr'><em>teffe</em></span> <span class='ocrx_word' id='word_1_62' title='bbox 421 1821 483 1869; x_wconf 92' lang='lat' dir='ltr'><em>non</em></span> <span class='ocrx_word' id='word_1_63' title='bbox 502 1792 572 1894; x_wconf 82' lang='lat' dir='ltr'><em>est,</em></span> <span class='ocrx_word' id='word_1_64' title='bbox 594 1815 631 1867; x_wconf 91' lang='lat' dir='ltr'><em>ut</em></span> <span class='ocrx_word' id='word_1_65' title='bbox 650 1799 856 1892; x_wconf 80' lang='lat' dir='ltr'><em>concipiatur</em></span> <span class='ocrx_word' id='word_1_66' title='bbox 873 1816 970 1883; x_wconf 84' lang='lat' dir='ltr'><em>arcus</em></span> <span class='ocrx_word' id='word_1_67' title='bbox 984 1794 1277 1891; x_wconf 77' lang='lat' dir='ltr'><em>perpendicularis</em></span> <span class='ocrx_word' id='word_1_68' title='bbox 1300 1797 1344 1870; x_wconf 84' lang='lat' dir='ltr'><em>ab</em></span> <span class='ocrx_word' id='word_1_69' title='bbox 1372 1821 1432 1870; x_wconf 86' lang='lat' dir='ltr'><em>uno</em></span> 
     </span>
     <span class='ocr_line' id='line_1_11' title="bbox 320 1892 1432 1995; baseline 0 -25"><span class='ocrx_word' id='word_1_70' title='bbox 320 1900 427 1970; x_wconf 90' lang='lat' dir='ltr'><em>trium</em></span> <span class='ocrx_word' id='word_1_71' title='bbox 446 1894 640 1990; x_wconf 85' lang='lat' dir='ltr'><em>angulorum</em></span> <span class='ocrx_word' id='word_1_72' title='bbox 655 1896 773 1973; x_wconf 75' lang='lat' dir='ltr'><em>dullus</em></span> <span class='ocrx_word' id='word_1_73' title='bbox 782 1922 805 1982; x_wconf 85' lang='lat'><em>;</em></span> <span class='ocrx_word' id='word_1_74' title='bbox 823 1900 886 1995; x_wconf 82' lang='lat' dir='ltr'><em>qui</em></span> <span class='ocrx_word' id='word_1_75' title='bbox 905 1915 1018 1968; x_wconf 85' lang='lat' dir='ltr'><em>tamen</em></span> <span class='ocrx_word' id='word_1_76' title='bbox 1028 1892 1236 1995; x_wconf 70' lang='lat' dir='ltr'><em>-necffasius</em></span> <span class='ocrx_word' id='word_1_77' title='bbox 1250 1897 1316 1971; x_wconf 89' lang='lat' dir='ltr'><em>erit</em></span> <span class='ocrx_word' id='word_1_78' title='bbox 1326 1899 1371 1970; x_wconf 85' lang='lat' dir='ltr'><em>in</em></span> <span class='ocrx_word' id='word_1_79' title='bbox 1385 1922 1432 1970; x_wconf 89' lang='lat' dir='ltr'><em>rc·</em></span> 
     </span>
     <span class='ocr_line' id='line_1_12' title="bbox 320 1990 968 2097; baseline -0.003 -30"><span class='ocrx_word' id='word_1_80' title='bbox 320 1994 430 2094; x_wconf 88' lang='lat' dir='ltr'><em>liquis</em></span> <span class='ocrx_word' id='word_1_81' title='bbox 448 1990 573 2094; x_wconf 80' lang='lat' dir='ltr'><em>caſsius</em></span> <span class='ocrx_word' id='word_1_82' title='bbox 584 2020 607 2080; x_wconf 85' lang='lat'><em>;</em></span> <span class='ocrx_word' id='word_1_83' title='bbox 632 1995 685 2069; x_wconf 85' lang='lat' dir='ltr'><em>uti</em></span> <span class='ocrx_word' id='word_1_84' title='bbox 700 2024 771 2073; x_wconf 80' lang='lat' dir='ltr'><em>mox</em></span> <span class='ocrx_word' id='word_1_85' title='bbox 785 1996 968 2097; x_wconf 80' lang='lat' dir='ltr'><em>conflabit.</em></span> 
     </span>
    </p>

    <p class='ocr_par' dir='ltr' id='par_1_5' title="bbox 321 2095 1437 2902">
     <span class='ocr_line' id='line_1_13' title="bbox 421 2095 1435 2197; baseline 0 -29"><span class='ocrx_word' id='word_1_86' title='bbox 421 2099 463 2168; x_wconf 82' lang='lat' dir='ltr'><em>Si</em></span> <span class='ocrx_word' id='word_1_87' title='bbox 482 2116 549 2168; x_wconf 90' lang='lat' dir='ltr'><em>tres</em></span> <span class='ocrx_word' id='word_1_88' title='bbox 565 2116 683 2192; x_wconf 88' lang='lat' dir='ltr'><em>partes</em></span> <span class='ocrx_word' id='word_1_89' title='bbox 701 2101 838 2193; x_wconf 82' lang='lat' dir='ltr'><em>cognitae</em></span> <span class='ocrx_word' id='word_1_90' title='bbox 845 2095 924 2197; x_wconf 90' lang='lat' dir='ltr'><em>sese</em></span> <span class='ocrx_word' id='word_1_91' title='bbox 938 2097 1084 2168; x_wconf 83' lang='lat' dir='ltr'><em>invicem</em></span> <span class='ocrx_word' id='word_1_92' title='bbox 1098 2095 1368 2196; x_wconf 64' lang='lat' dir='ltr'><em>consequantur,</em></span> <span class='ocrx_word' id='word_1_93' title='bbox 1383 2120 1435 2169; x_wconf 84' lang='lat' dir='ltr'><em>ar-</em></span> 
     </span>
     <span class='ocr_line' id='line_1_14' title="bbox 321 2194 1434 2293; baseline -0.002 -22"><span class='ocrx_word' id='word_1_94' title='bbox 321 2222 379 2271; x_wconf 90' lang='lat' dir='ltr'><em>cus</em></span> <span class='ocrx_word' id='word_1_95' title='bbox 404 2194 695 2291; x_wconf 77' lang='lat' dir='ltr'><em>perpendicularis</em></span> <span class='ocrx_word' id='word_1_96' title='bbox 713 2198 803 2271; x_wconf 77' lang='lat' dir='ltr'><em>&#39;duci</em></span> <span class='ocrx_word' id='word_1_97' title='bbox 831 2198 930 2271; x_wconf 87' lang='lat' dir='ltr'><em>debet</em></span> <span class='ocrx_word' id='word_1_98' title='bbox 959 2197 1001 2272; x_wconf 87' lang='lat' dir='ltr'><em>ab</em></span> <span class='ocrx_word' id='word_1_99' title='bbox 1031 2219 1099 2268; x_wconf 90' lang='lat' dir='ltr'><em>una</em></span> <span class='ocrx_word' id='word_1_100' title='bbox 1128 2202 1231 2269; x_wconf 81' lang='lat' dir='ltr'><em>trium</em></span> <span class='ocrx_word' id='word_1_101' title='bbox 1258 2199 1434 2293; x_wconf 88' lang='lat' dir='ltr'><em>partium,</em></span> 
     </span>
     <span class='ocr_line' id='line_1_15' title="bbox 321 2292 1433 2397; baseline 0.001 -29"><span class='ocrx_word' id='word_1_102' title='bbox 321 2316 398 2395; x_wconf 82' lang='lat' dir='ltr'><em>qua</em></span> <span class='ocrx_word' id='word_1_103' title='bbox 421 2292 470 2397; x_wconf 80' lang='lat' dir='ltr'><em>fit</em></span> <span class='ocrx_word' id='word_1_104' title='bbox 498 2318 665 2389; x_wconf 86' lang='lat' dir='ltr'><em>extrema,</em></span> <span class='ocrx_word' id='word_1_105' title='bbox 698 2301 783 2395; x_wconf 82' lang='lat' dir='ltr'><em>quin</em></span> <span class='ocrx_word' id='word_1_106' title='bbox 802 2298 1031 2397; x_wconf 83' lang='lat' dir='ltr'><em>transeatper</em></span> <span class='ocrx_word' id='word_1_107' title='bbox 1049 2292 1356 2396; x_wconf 76' lang='lat' dir='ltr'><em>quaefitam-.·-Voto</em></span> <span class='ocrx_word' id='word_1_108' title='bbox 1376 2322 1433 2372; x_wconf 85' lang='lat' dir='ltr'><em>au·</em></span> 
     </span>
     <span class='ocr_line' id='line_1_16' title="bbox 321 2395 1291 2495; baseline 0.004 -24"><span class='ocrx_word' id='word_1_109' title='bbox 321 2417 389 2471; x_wconf 88' lang='lat' dir='ltr'><em>tem</em></span> <span class='ocrx_word' id='word_1_110' title='bbox 402 2415 537 2493; x_wconf 91' lang='lat' dir='ltr'><em>partem</em></span> <span class='ocrx_word' id='word_1_111' title='bbox 555 2416 760 2492; x_wconf 79' lang='lat' dir='ltr'><em>extremam,</em></span> <span class='ocrx_word' id='word_1_112' title='bbox 777 2402 947 2495; x_wconf 90' lang='lat' dir='ltr'><em>primam,</em></span> <span class='ocrx_word' id='word_1_113' title='bbox 967 2395 1015 2471; x_wconf 64' lang='grc' dir='ltr'><em>(Ὺ</em></span> <span class='ocrx_word' id='word_1_114' title='bbox 1034 2402 1210 2478; x_wconf 71' lang='lat' dir='ltr'><em>tertiam..</em></span> <span class='ocrx_word' id='word_1_115' title='bbox 1233 2423 1258 2474; x_wconf 84' lang='lat'><em>.·</em></span> <span class='ocrx_word' id='word_1_116' title='bbox 1287 2428 1291 2441; x_wconf 72' lang='lat'>¹</span> 
     </span>
     <span class='ocr_line' id='line_1_17' title="bbox 334 2496 1434 2603; baseline 0 -33"><span class='ocrx_word' id='word_1_117' title='bbox 334 2543 361 2586; x_wconf 51' lang='grc' dir='ltr'><em>μ,</em></span> <span class='ocrx_word' id='word_1_118' title='bbox 423 2500 550 2570; x_wconf 78' lang='lat' dir='ltr'><em>Contra</em></span> <span class='ocrx_word' id='word_1_119' title='bbox 577 2499 693 2590; x_wconf 82' lang='lat' dir='ltr'><em>uerl,¹</em></span> <span class='ocrx_word' id='word_1_120' title='bbox 703 2496 735 2603; x_wconf 76' lang='lat' dir='ltr'><em>fi</em></span> <span class='ocrx_word' id='word_1_121' title='bbox 762 2502 867 2573; x_wconf 91' lang='lat' dir='ltr'><em>trium</em></span> <span class='ocrx_word' id='word_1_122' title='bbox 886 2501 1041 2595; x_wconf 91' lang='lat' dir='ltr'><em>partium</em></span> <span class='ocrx_word' id='word_1_123' title='bbox 1069 2497 1229 2588; x_wconf 81' lang='lat' dir='ltr'><em>datarum</em></span> <span class='ocrx_word' id='word_1_124' title='bbox 1247 2498 1434 2573; x_wconf 74' lang='lat' dir='ltr'><em>duae&#39;dun·</em></span> 
     </span>
     <span class='ocr_line' id='line_1_18' title="bbox 324 2594 1437 2700; baseline -0.004 -28"><span class='ocrx_word' id='word_1_125' title='bbox 324 2616 422 2680; x_wconf 84' lang='lat' dir='ltr'><em>taxat</em></span> <span class='ocrx_word' id='word_1_126' title='bbox 443 2594 516 2696; x_wconf 76' lang='lat' dir='ltr'><em>stat</em></span> <span class='ocrx_word' id='word_1_127' title='bbox 543 2596 699 2696; x_wconf 83' lang='lat' dir='ltr'><em>deinceps</em></span> <span class='ocrx_word' id='word_1_128' title='bbox 724 2598 988 2700; x_wconf 83' lang='lat' dir='ltr'><em>consequentes,</em></span> <span class='ocrx_word' id='word_1_129' title='bbox 1015 2621 1116 2670; x_wconf 85' lang='lat' dir='ltr'><em>arcus</em></span> <span class='ocrx_word' id='word_1_130' title='bbox 1141 2598 1437 2694; x_wconf 75' lang='lat' dir='ltr'><em>perpendicularis</em></span> 
     </span>
     <span class='ocr_line' id='line_1_19' title="bbox 323 2693 1432 2801; baseline 0.001 -30"><span class='ocrx_word' id='word_1_131' title='bbox 323 2693 465 2797; x_wconf 81' lang='lat' dir='ltr'><em>tranſsre</em></span> <span class='ocrx_word' id='word_1_132' title='bbox 482 2697 580 2769; x_wconf 86' lang='lat' dir='ltr'><em>debet</em></span> <span class='ocrx_word' id='word_1_133' title='bbox 595 2720 658 2793; x_wconf 85' lang='lat' dir='ltr'><em>per</em></span> <span class='ocrx_word' id='word_1_134' title='bbox 671 2719 805 2794; x_wconf 85' lang='lat' dir='ltr'><em>partem</em></span> <span class='ocrx_word' id='word_1_135' title='bbox 824 2696 1019 2799; x_wconf 79' lang='lat' dir='ltr'><em>quaefitam·</em></span> <span class='ocrx_word' id='word_1_136' title='bbox 1046 2698 1131 2776; x_wconf 77' lang='lat' dir='ltr'><em>Hac</em></span> <span class='ocrx_word' id='word_1_137' title='bbox 1148 2700 1260 2776; x_wconf 82' lang='lat' dir='ltr'><em>omniu</em></span> <span class='ocrx_word' id='word_1_138' title='bbox 1271 2697 1432 2801; x_wconf 71' lang='lat' dir='ltr'><em>subjudis</em></span> 
     </span>
     <span class='ocr_line' id='line_1_20' title="bbox 323 2796 1326 2902; baseline 0.003 -31"><span class='ocrx_word' id='word_1_139' title='bbox 323 2796 485 2895; x_wconf 81' lang='lat' dir='ltr'><em>exemplis</em></span> <span class='ocrx_word' id='word_1_140' title='bbox 503 2796 608 2872; x_wconf 89' lang='lat' dir='ltr'><em>multd</em></span> <span class='ocrx_word' id='word_1_141' title='bbox 624 2798 767 2901; x_wconf 79' lang='lat' dir='ltr'><em>planius</em></span> <span class='ocrx_word' id='word_1_142' title='bbox 786 2801 1002 2902; x_wconf 84' lang='lat' dir='ltr'><em>constabunt.</em></span> <span class='ocrx_word' id='word_1_143' title='bbox 1087 2873 1090 2878; x_wconf 84' lang='grc'>,</span> <span class='ocrx_word' id='word_1_144' title='bbox 1197 2869 1199 2874; x_wconf 88' lang='grc'><em>,</em></span> <span class='ocrx_word' id='word_1_145' title='bbox 1293 2839 1326 2846; x_wconf 91' lang='grc'><em>··</em></span> 
     </span>
    </p>
   </div>
   <div class='ocr_carea' id='block_1_5' title="bbox 759 2939 1145 3048">
    <p class='ocr_par' dir='ltr' id='par_1_6' title="bbox 759 2939 1145 3048">
     <span class='ocr_line' id='line_1_21' title="bbox 759 2939 1145 3048; baseline -0.005 -21"><span class='ocrx_word' id='word_1_146' title='bbox 759 2954 935 3028; x_wconf 88' lang='lat' dir='ltr'><em>Manicum</em></span> <span class='ocrx_word' id='word_1_147' title='bbox 960 2944 1014 3048; x_wconf 68' lang='lat' dir='ltr'><em>II.</em></span> <span class='ocrx_word' id='word_1_148' title='bbox 1137 2939 1145 2947; x_wconf 58' lang='grc'><strong><em>’</em></strong></span> 
     </span>
    </p>
   </div>
   <div class='ocr_carea' id='block_1_6' title="bbox 318 3098 1438 3605">
    <p class='ocr_par' dir='ltr' id='par_1_7' title="bbox 322 3098 1434 3287">
     <span class='ocr_line' id='line_1_22' title="bbox 322 3098 1434 3287; baseline 0.001 -114"><span class='ocrx_word' id='word_1_149' title='bbox 322 3124 414 3199; x_wconf 86' lang='lat'><em>413·</em></span> <span class='ocrx_word' id='word_1_150' title='bbox 426 3102 515 3287; x_wconf 82' lang='lat' dir='ltr'><em>IN</em></span> <span class='ocrx_word' id='word_1_151' title='bbox 518 3103 744 3202; x_wconf 87' lang='lat' dir='ltr'><em>sequentibus</em></span> <span class='ocrx_word' id='word_1_152' title='bbox 764 3101 987 3177; x_wconf 87' lang='lat' dir='ltr'><em>Problematis</em></span> <span class='ocrx_word' id='word_1_153' title='bbox 1004 3127 1116 3177; x_wconf 90' lang='lat' dir='ltr'><em>arcum</em></span> <span class='ocrx_word' id='word_1_154' title='bbox 1130 3098 1203 3203; x_wconf 76' lang='lat' dir='ltr'><em>basi</em></span> <span class='ocrx_word' id='word_1_155' title='bbox 1212 3100 1434 3199; x_wconf 90' lang='lat' dir='ltr'><em>perpendicu-</em></span> 
     </span>
    </p>

    <p class='ocr_par' dir='ltr' id='par_1_8' title="bbox 318 3202 1438 3605">
     <span class='ocr_line' id='line_1_23' title="bbox 463 3202 1431 3304; baseline 0 -29"><span class='ocrx_word' id='word_1_156' title='bbox 463 3257 466 3262; x_wconf 84' lang='lat'>-</span> <span class='ocrx_word' id='word_1_157' title='bbox 496 3202 600 3278; x_wconf 91' lang='lat' dir='ltr'><em>larem</em></span> <span class='ocrx_word' id='word_1_158' title='bbox 619 3230 676 3277; x_wconf 86' lang='lat' dir='ltr'><em>nos</em></span> <span class='ocrx_word' id='word_1_159' title='bbox 686 3204 822 3304; x_wconf 89' lang='lat' dir='ltr'><em>semper</em></span> <span class='ocrx_word' id='word_1_160' title='bbox 838 3204 938 3277; x_wconf 92' lang='lat' dir='ltr'><em>illum</em></span> <span class='ocrx_word' id='word_1_161' title='bbox 958 3202 1221 3303; x_wconf 86' lang='lat' dir='ltr'><em>usurpabimus,</em></span> <span class='ocrx_word' id='word_1_162' title='bbox 1248 3206 1314 3301; x_wconf 86' lang='lat' dir='ltr'><em>qui</em></span> <span class='ocrx_word' id='word_1_163' title='bbox 1342 3203 1431 3277; x_wconf 80' lang='lat' dir='ltr'><em>cadit</em></span> 
     </span>
     <span class='ocr_line' id='line_1_24' title="bbox 323 3302 1438 3404; baseline 0 -29"><span class='ocrx_word' id='word_1_164' title='bbox 323 3302 444 3375; x_wconf 76' lang='lat' dir='ltr'><em>uersus</em></span> <span class='ocrx_word' id='word_1_165' title='bbox 465 3324 583 3399; x_wconf 88' lang='lat' dir='ltr'><em>partes</em></span> <span class='ocrx_word' id='word_1_166' title='bbox 602 3302 722 3401; x_wconf 85' lang='lat' dir='ltr'><em>anguli</em></span> <span class='ocrx_word' id='word_1_167' title='bbox 741 3307 835 3377; x_wconf 87' lang='lat' dir='ltr'><em>acuti</em></span> <span class='ocrx_word' id='word_1_168' title='bbox 844 3355 856 3395; x_wconf 91' lang='lat'>‚</span> <span class='ocrx_word' id='word_1_169' title='bbox 882 3329 921 3376; x_wconf 91' lang='lat' dir='ltr'><em>ac</em></span> <span class='ocrx_word' id='word_1_170' title='bbox 934 3304 1076 3400; x_wconf 91' lang='lat' dir='ltr'><em>proinde</em></span> <span class='ocrx_word' id='word_1_171' title='bbox 1090 3307 1158 3403; x_wconf 83' lang='lat' dir='ltr'><em>-qui</em></span> <span class='ocrx_word' id='word_1_172' title='bbox 1175 3308 1282 3378; x_wconf 90' lang='lat' dir='ltr'><em>minor</em></span> <span class='ocrx_word' id='word_1_173' title='bbox 1301 3303 1352 3404; x_wconf 84' lang='lat' dir='ltr'><em>est</em></span> <span class='ocrx_word' id='word_1_174' title='bbox 1360 3328 1438 3398; x_wconf 86' lang='lat' dir='ltr'><em>gra-</em></span> 
     </span>
     <span class='ocr_line' id='line_1_25' title="bbox 323 3400 1437 3576; baseline -0.004 -96"><span class='ocrx_word' id='word_1_175' title='bbox 323 3403 424 3576; x_wconf 73' lang='lat' dir='ltr'><em>dilps</em></span> <span class='ocrx_word' id='word_1_176' title='bbox 444 3425 494 3502; x_wconf 87' lang='lat'><em>90</em></span> <span class='ocrx_word' id='word_1_177' title='bbox 505 3430 529 3493; x_wconf 72' lang='lat'>5</span> <span class='ocrx_word' id='word_1_178' title='bbox 547 3401 626 3506; x_wconf 80' lang='lat' dir='ltr'><em>five</em></span> <span class='ocrx_word' id='word_1_179' title='bbox 648 3402 704 3483; x_wconf 83' lang='lat' dir='ltr'><em>lic</em></span> <span class='ocrx_word' id='word_1_180' title='bbox 722 3429 819 3480; x_wconf 90' lang='lat' dir='ltr'><em>arcus</em></span> <span class='ocrx_word' id='word_1_181' title='bbox 836 3404 938 3480; x_wconf 95' lang='lat' dir='ltr'><em>cadat</em></span> <span class='ocrx_word' id='word_1_182' title='bbox 962 3407 1077 3500; x_wconf 90' lang='lat' dir='ltr'><em>intra,</em></span> <span class='ocrx_word' id='word_1_183' title='bbox 1101 3400 1178 3506; x_wconf 80' lang='lat' dir='ltr'><em>five</em></span> <span class='ocrx_word' id='word_1_184' title='bbox 1205 3424 1304 3480; x_wconf 79' lang='lat' dir='ltr'><em>extra</em></span> <span class='ocrx_word' id='word_1_185' title='bbox 1334 3408 1437 3478; x_wconf 89' lang='lat' dir='ltr'><em>trion·</em></span> 
     </span>
     <span class='ocr_line' id='line_1_26' title="bbox 318 3529 461 3605; baseline -0.007 -27"><span class='ocrx_word' id='word_1_186' title='bbox 318 3530 370 3605; x_wconf 88' lang='lat' dir='ltr'><em>gu</em></span> <span class='ocrx_word' id='word_1_187' title='bbox 386 3529 461 3579; x_wconf 88' lang='lat' dir='ltr'><em>um.</em></span> 
     </span>
    </p>
   </div>
   <div class='ocr_carea' id='block_1_7' title="bbox 643 3707 1354 3801">
    <p class='ocr_par' dir='ltr' id='par_1_9' title="bbox 643 3707 1354 3801">
     <span class='ocr_line' id='line_1_27' title="bbox 643 3707 1354 3801; baseline -0.006 -16"><span class='ocrx_word' id='word_1_188' title='bbox 643 3712 1022 3796; x_wconf 49' lang='lat' dir='ltr'><em>,Promona</em></span> <span class='ocrx_word' id='word_1_189' title='bbox 1068 3707 1100 3781; x_wconf 88' lang='lat'><em>1·.</em></span> <span class='ocrx_word' id='word_1_190' title='bbox 1238 3790 1240 3801; x_wconf 19' lang='grc' dir='ltr'>ἱ</span> <span class='ocrx_word' id='word_1_191' title='bbox 1350 3723 1354 3730; x_wconf 88' lang='grc'><strong><em>·</em></strong></span> 
     </span>
    </p>
   </div>
   <div class='ocr_carea' id='block_1_8' title="bbox 320 3902 1446 4384">
    <p class='ocr_par' dir='ltr' id='par_1_10' title="bbox 320 3902 1446 4384">
     <span class='ocr_line' id='line_1_28' title="bbox 324 3902 1437 4007; baseline 0.001 -29"><span class='ocrx_word' id='word_1_192' title='bbox 324 3925 414 4001; x_wconf 86' lang='lat'>414.</span> <span class='ocrx_word' id='word_1_193' title='bbox 531 3911 614 3982; x_wconf 88' lang='lat' dir='ltr'><em>Atis</em></span> <span class='ocrx_word' id='word_1_194' title='bbox 627 3908 755 3983; x_wconf 86' lang='lat' dir='ltr'><em>duobus</em></span> <span class='ocrx_word' id='word_1_195' title='bbox 769 3908 932 3984; x_wconf 89' lang='lat' dir='ltr'><em>lateribus</em></span> <span class='ocrx_word' id='word_1_196' title='bbox 946 3912 1043 3999; x_wconf 87' lang='lat' dir='ltr'><em>BA,</em></span> <span class='ocrx_word' id='word_1_197' title='bbox 1059 3912 1131 3982; x_wconf 87' lang='lat' dir='ltr'><em>BC</em></span> <span class='ocrx_word' id='word_1_198' title='bbox 1146 3907 1317 4003; x_wconf 85' lang='lat' dir='ltr'><em>trianguli</em></span> <span class='ocrx_word' id='word_1_199' title='bbox 1323 3902 1437 4007; x_wconf 81' lang='lat' dir='ltr'><em>spba-</em></span> 
     </span>
     <span class='ocr_line' id='line_1_29' title="bbox 343 4009 1446 4108; baseline -0.003 -26"><span class='ocrx_word' id='word_1_200' title='bbox 343 4016 368 4027; x_wconf 82' lang='grc'><em>”</em></span> <span class='ocrx_word' id='word_1_201' title='bbox 553 4014 615 4083; x_wconf 88' lang='lat' dir='ltr'><em>rici</em></span> <span class='ocrx_word' id='word_1_202' title='bbox 633 4013 774 4103; x_wconf 71' lang='grc' dir='ltr'><strong>ΒΑΕ,</strong></span> <span class='ocrx_word' id='word_1_203' title='bbox 799 4011 847 4086; x_wconf 65' lang='grc'><em>(9*</em></span> <span class='ocrx_word' id='word_1_204' title='bbox 867 4009 989 4105; x_wconf 85' lang='lat' dir='ltr'><em>angulo</em></span> <span class='ocrx_word' id='word_1_205' title='bbox 1018 4011 1047 4080; x_wconf 94' lang='lat' dir='ltr'>B</span> <span class='ocrx_word' id='word_1_206' title='bbox 1076 4012 1119 4083; x_wconf 88' lang='lat' dir='ltr'><em>ab</em></span> <span class='ocrx_word' id='word_1_207' title='bbox 1147 4009 1268 4108; x_wconf 90' lang='lat' dir='ltr'><em>iisdem</em></span> <span class='ocrx_word' id='word_1_208' title='bbox 1297 4013 1446 4081; x_wconf 85' lang='lat' dir='ltr'><em>interce·-</em></span> 
     </span>
     <span class='ocr_line' id='line_1_30' title="bbox 320 4107 1438 4211; baseline 0.001 -31"><span class='ocrx_word' id='word_1_209' title='bbox 320 4126 404 4205; x_wconf 84' lang='lat' dir='ltr'><em>pm,</em></span> <span class='ocrx_word' id='word_1_210' title='bbox 429 4112 585 4184; x_wconf 86' lang='lat' dir='ltr'><em>inuenire</em></span> <span class='ocrx_word' id='word_1_211' title='bbox 603 4116 635 4184; x_wconf 81' lang='lat' dir='ltr'><em>I.</em></span> <span class='ocrx_word' id='word_1_212' title='bbox 652 4110 734 4188; x_wconf 85' lang='lat' dir='ltr'><em>duos</em></span> <span class='ocrx_word' id='word_1_213' title='bbox 752 4110 898 4211; x_wconf 86' lang='lat' dir='ltr'><em>reliquos</em></span> <span class='ocrx_word' id='word_1_214' title='bbox 918 4107 1057 4207; x_wconf 85' lang='lat' dir='ltr'><em>angulos</em></span> <span class='ocrx_word' id='word_1_215' title='bbox 1074 4111 1108 4183; x_wconf 91' lang='lat' dir='ltr'>C</span> <span class='ocrx_word' id='word_1_216' title='bbox 1127 4107 1176 4187; x_wconf 64' lang='lat' dir='ltr'><em>U*</em></span> <span class='ocrx_word' id='word_1_217' title='bbox 1194 4115 1258 4204; x_wconf 80' lang='lat' dir='ltr'><em>A,</em></span> <span class='ocrx_word' id='word_1_218' title='bbox 1278 4113 1348 4183; x_wconf 89' lang='grc' dir='ltr'><strong><em>·ΙΙ.</em></strong></span> <span class='ocrx_word' id='word_1_219' title='bbox 1373 4127 1438 4182; x_wconf 90' lang='lat' dir='ltr'><em>tes·</em></span> 
     </span>
     <span class='ocr_line' id='line_1_31' title="bbox 326 4210 1356 4384; baseline 0.01 -101"><span class='ocrx_word' id='word_1_220' title='bbox 326 4213 413 4289; x_wconf 60' lang='lat' dir='ltr'><em>illim</em></span> <span class='ocrx_word' id='word_1_221' title='bbox 430 4210 524 4288; x_wconf 61' lang='lat' dir='ltr'><em>lalus</em></span> <span class='ocrx_word' id='word_1_222' title='bbox 542 4212 642 4286; x_wconf 69' lang='lat' dir='ltr'><em>AC·</em></span> <span class='ocrx_word' id='word_1_223' title='bbox 1294 4283 1296 4288; x_wconf 90' lang='lat'>.</span> <span class='ocrx_word' id='word_1_224' title='bbox 1317 4310 1356 4384; x_wconf 78' lang='lat' dir='ltr'><strong><em>R</em></strong></span> 
     </span>
     <span class='ocr_line' id='line_1_32' title="bbox 1356 4333 1395 4381; baseline 0 -11"><span class='ocrx_word' id='word_1_225' title='bbox 1356 4333 1395 4381; x_wconf 75' lang='lat' dir='ltr'><em>e·</em></span> 
     </span>
    </p>
   </div>
   <div class='ocr_carea' id='block_1_9' title="bbox 0 0 1754 5234">
    <p class='ocr_par' dir='ltr' id='par_1_11' title="bbox 0 0 1754 5234">
     <span class='ocr_line' id='line_1_33' title="bbox 0 0 1754 5234; baseline 0 0"><span class='ocrx_word' id='word_1_226' title='bbox 0 0 1754 5234; x_wconf 95' lang='lat' dir='ltr'><em> </em></span> 
     </span>
    </p>
   </div>
  </div>
 </body>
</html>
