3500 5234
201 555 222 595 K

469 739 528 791 1>ss-
547 720 814 790 Tarracone
840 738 1086 793 sennonem.
1205 742 1283 819 ²37

201 829 208 872 ¹
231 817 380 910 loretto,
405 816 567 919 estpolur
586 818 727 890 alterius
744 817 861 888 lateris
885 818 943 909 (n.
957 824 1105 913 233.);
1129 820 1249 917 itaque
1277 848 1333 894 ar·

201 925 206 1002 l
227 940 288 988 rus
306 919 423 1015 quivis
442 944 464 991 a
480 921 598 1013 pundo
618 918 648 987 E
667 916 784 988 duhlur
802 919 840 987 in
863 915 960 986 aliud
978 918 1090 1010 larus,
1113 922 1331 1017 prmaeium,

201 1009 206 1100 l
220 1014 258 1115 st
275 1037 355 1113 opus
370 1013 441 1115 fir,
467 1022 532 1088 erit
550 1015 721 1114 quadrans
738 1014 855 1088 circuli
874 1019 934 1109 (rr.
955 1023 1089 1111 233.).

224 1141 228 1148 ⁸
329 1120 449 1211 Quare
476 1142 516 1187 ex
545 1116 600 1186 hoc
628 1113 777 1205 Scholia,
804 1116 852 1189 <r
879 1142 919 1186 ex
943 1141 977 1185 n.
1004 1116 1093 1190 282.
1117 1119 1264 1217 constat,
1289 1148 1331 1194 eu

201 1215 340 1288 nribus
360 1217 522 1285 lateribus
540 1213 705 1308 trianguli
716 1212 876 1311 spherici
893 1215 1076 1306 rellangulr'
1083 1213 1165 1309 fieri
1179 1246 1239 1291 non
1254 1244 1296 1313 po
1314 1264 1331 1280 ·

214 1312 287 1412 se,
317 1333 355 1384 ur
374 1312 465 1383 latur
484 1319 616 1386 unicum
630 1311 676 1410 fit
695 1315 865 1411 quadrans
884 1313 1024 1396 circuli,·
1049 1340 1087 1386 ac
1105 1317 1225 1411 neceffe
1242 1220 1328 1418 ed,

223 1432 265 1485 ut
297 1412 359 1484 uel
385 1412 447 1484 duo
471 1413 593 1507 saltem
613 1409 685 1514 fint
708 1410 846 1515 fingula
874 1412 1060 1511 quadranti
1077 1412 1248 1510 aeqoatta,
1274 1417 1331 1491 uel

224 1537 337 1587 eorum
355 1510 506 1585 nullum.

666 1662 817 1740 Scholion
841 1666 895 1736 ΙΙ.

222 1811 278 1885 28
284 1831 319 1905 ς.
431 1816 502 1887 Ria
527 1809 618 1901 hec,
644 1838 719 1909 quae
736 1814 929 1912 sequnntur
956 1814 1166 1901 Corollaria,
1200 1810 1331 1906 respon·
1450 1893 1453 1899 Α

453 1914 534 1988 dent
559 1915 668 1983 trihus
681 1918 803 2005 primis
821 1939 854 1984 n.
875 1935 964 2009 279.
986 1915 1075 1987 281.
1096 1914 1186 2007 283.
1200 1914 1330 1983 Horum

221 2008 456 2110 demonstratio
466 2014 589 2112 slatim
609 2013 674 2081 tihi
692 2032 855 2103 occurret,
875 2009 909 2109 st
928 2011 1018 2086 madh
1038 2015 1247 2100 memineris,
1267 2039 1329 2083 an·

215 2109 343 2206 gulum
372 2116 527 2208 quemvis
553 2109 760 2200 adjacentem
787 2110 1021 2210 hypotenusa,
1056 2110 1120 2218 effe
1146 2115 1183 2186 in
1213 2110 1328 2184 eadem

214 2208 358 2307 specie,
382 2215 419 2286 in
438 2236 509 2309 qua
526 2208 575 2309 esl
593 2208 685 2282 latos
703 2207 905 2308 oppofirum.

223 2353 250 2366 ”
628 2358 845 2434 corollarium
869 2361 932 2433 IV.

222 2473 314 2583 386.
388 2513 413 2581 I
436 2508 555 2604 anguli
583 2508 773 2603 adjacentes
800 2506 1031 2611 hypotenusa,
1051 2507 1124 2608 fine
1150 2510 1188 2581 in
1206 2509 1322 2583 eadem

404 2608 540 2707 specie,
566 2607 623 2683 hoc
642 2610 712 2709 esl,
734 2629 873 2705 uterque
892 2611 948 2683 vel
976 2631 1116 2699 acutus,
1146 2607 1204 2681 uel
1226 2612 1325 2683 obtu-

215 2705 301 2809 sus,
327 2708 530 2808 hypotenusa
548 2713 653 2783 minor
671 2712 736 2783 erit
757 2708 947 2818 quadrante
965 2710 1101 2785 circuli.

631 2857 849 2932 corollarium
873 2861 914 2930 V.

217 3007 312 3101 287.
384 3007 541 3103 Iangnli
560 3006 751 3099 adjacentes
774 3004 1003 3105 hypotenusa,
1027 3005 1098 3104 firm
1124 3011 1162 3079 in
1185 3007 1324 3103 diversa

422 3112 540 3203 pecie,
565 3107 622 3181 hoc
640 3106 710 3209 esl,
738 3104 982 3197 alterarum,
1006 3106 1053 3183 (Y
1073 3105 1159 3180 alter
1173 3103 1321 3201 obtusus,

215 3201 383 3303 hypatenu
400 3235 422 3279 a
441 3206 545 3301 major
563 3211 628 3282 erit
647 3205 838 3303 quadrante
853 3207 990 3280 circuli.

614 3356 830 3430 Corollarium
855 3358 916 3431 Vl.

221 3503 315 3578 288.
408 3506 444 3577 T
463 3502 633 3596 viciffim,
654 3505 686 3603 ſs
710 3505 913 3603 hypotenusa
931 3503 981 3603 stt
999 3507 1103 3577 minor
1131 3501 1321 3602 quadrante

262 3639 266 3645 ·
430 3606 568 3695 circuli,
596 3605 659 3677 duo
679 3605 797 3699 anguli
815 3605 1028 3696 adjacentes,
1054 3602 1140 3702 sunt
1164 3605 1257 3676 ambo
1283 3606 1321 3674 in

220 3703 337 3782 endem
346 3710 480 3805 specie.
521 3710 585 3778 Sin
605 3726 714 3778 autern
735 3702 937 3804 hypotenusa
955 3702 1060 3795 major
1078 3700 1126 3802 fit
1149 3702 1320 3800 quadran·

219 3822 278 3895 te,
302 3804 367 3878 dno
386 3806 504 3901 anguli
522 3805 733 3898 adjacentes,
759 3824 855 3876 erunt
874 3808 911 3875 in
929 3802 1065 3903 diversa
1076 3803 1192 3903 spone
1205 3802 1320 3901 consli·
1410 3859 1416 3869 .

217 3906 312 3999 toni,
336 3904 394 3984 hoc
410 3907 482 4011 est',
507 3906 593 3981 alter
610 3926 750 3999 acutus,
776 3906 824 3983 (3·
844 3903 931 3979 alter
948 3902 1103 4004 obtusus.
