3500 5234
378 712 457 813 364
580 715 1038 785 ›tarisum-x
1119 717 1213 772 12·-

427 811 544 885 Simili
576 812 687 886 forma
716 811 901 885 solvuntur
928 811 1005 886 aliae
1031 809 1258 913 quaestiones,
1281 837 1358 914 quae
1378 812 1423 888 ad

331 911 612 1013 supputationem
632 910 776 986 foenoris
795 909 977 1013 compositi
997 909 1180 1012 spellam·

755 1067 907 1213 orestas
923 1113 989 1195 rr.

406 1311 528 1386 Ariter
546 1308 842 1410 logatirhmorum
863 1311 1104 1387 Arithmetica
1124 1311 1241 1386 locum
1264 1309 1426 1387 habetin

425 1433 512 1484 nota
541 1411 819 1524 illaquassione
845 1413 888 1486 de
915 1412 1048 1488 unitate
1074 1409 1226 1487 continui
1247 1413 1428 1510 duplicata·

324 1510 393 1603 da,
424 1537 500 1614 quae
530 1508 655 1602 jaliarr
685 1512 797 1604 solet,
823 1512 868 1586 de
897 1539 988 1614 equo
1017 1510 1206 1586 vendendo
1235 1511 1426 1585 secundtlm

324 1636 511 1686 numerum
542 1609 724 1684 clavorum
754 1633 828 1702 24,
855 1613 984 1712 quibus
1012 1611 1123 1709 suffigi
1147 1611 1258 1684 solent
1281 1611 1423 1710 ungulis

323 1710 391 1785 suis
418 1710 516 1784 soleae
541 1710 681 1783 ferrea.
730 1710 846 1784 Ponto
876 1711 1044 1783 nimirum
1066 1709 1198 1808 exiguo
1218 1711 1336 1821 pretio
1356 1736 1424 1823 pro

322 1812 428 1884 clavo
448 1809 585 1909 primo,
606 1808 742 1911 ejusque
763 1809 870 1908 duplo
891 1837 954 1910 pro
971 1808 1142 1900 secundo,
1171 1809 1337 1910 hujusque
1358 1809 1423 1884 rti-

318 1908 404 1983 dem
425 1910 471 1983 du
498 1911 534 1983 lo
553 1936 615 2010 pto
636 1909 769 1999 tertio,
797 1909 834 1981 8<
854 1910 897 1981 lic
917 1908 1085 1982 continue
1115 1908 1161 1981 du
1187 1907 1327 1981 licando
1354 1936 1422 2008 pro

322 2009 434 2107 clavis
464 1937 628 2109 lingulis,
657 2007 835 2111 adquam
865 2008 1070 2083 immensam
1090 1934 1232 2082 tanrlem
1252 2006 1421 2082 summam

321 2126 573 2210 pervematur.

422 2208 532 2298 Cujus
552 2209 696 2311 quidem
711 2209 909 2312 quaestionis
927 2210 1142 2285 occafionem
1168 2207 1317 2310 primam
1343 2234 1423 2282 eam

327 2306 423 2381 fuiffe
453 2307 631 2381 existimat
662 2315 810 2393 Joannes
838 2310 968 2383 Wallis
996 2311 1034 2383 in
1061 2335 1167 2408 opere
1194 2308 1425 2382 arithmetico

324 2433 402 2507 cap.
433 2429 507 2503 313
536 2406 741 2499 Nimirum,
771 2407 848 2481 clrm
875 2409 967 2481 Sella
996 2410 1140 2513 quidam
1168 2408 1271 2482 indus
1298 2408 1424 2481 ludum

323 2507 606 2582 latrunculorum
629 2505 814 2581 invenillet
835 2507 991 2607 primus,
1021 2509 1180 2609 Regique
1197 2509 1257 2582 suo
1276 2506 1423 2580 indicas-

323 2606 397 2695 set3
431 2634 452 2680 a
482 2611 606 2705 Rege,
641 2606 698 2681 cui
728 2607 1048 2708 summeplacuit,
1085 2607 1186 2700 jullus
1213 2606 1425 2708 praemium,

321 2704 417 2806 quod
447 2707 583 2798 vellet,
613 2705 831 2804 inventionis
860 2707 925 2781 sua
947 2730 1097 2808 petere,
1124 2707 1228 2808 petiit
1259 2707 1344 2798 ille,
1379 2727 1421 2782 ut

322 2830 389 2906 pro
417 2805 516 2878 abaci
545 2805 665 2878 lusorii
695 2807 813 2880 areola
833 2807 944 2906 prima
965 2808 1110 2881 daretur
1126 2806 1240 2880 tritici
1271 2832 1423 2905 granum

326 2929 458 2994 unum,
484 2929 548 3004 pro
578 2903 725 2979 secunda
753 2898 846 2998 duo,
870 2907 983 2998 &gsrc'
1010 2907 1177 2982 continue
1203 2905 1421 3004 duplicando

322 3002 510 3078 secundum
530 3005 727 3079 areolarum
749 3009 802 3099 64
821 3033 1025 3081 numerum.
1075 3007 1236 3108 Cumque
1258 3005 1322 3079 hoc
1348 3008 1422 3079 Re·

319 3102 380 3202 gi,
406 3103 468 3207 qui
499 3103 679 3205 praemium
703 3105 785 3179 satis
806 3108 961 3208 amplum
982 3106 1104 3194 datum
1123 3107 1168 3180 iri
1199 3106 1335 3197 vellet,
1365 3104 1422 3179 di·

320 3203 530 3302 splicuillet,
557 3203 652 3308 qubd
674 3204 936 3304 ramexigu-um
956 3206 1132 3306 petiisset,
1162 3205 1253 3280 Sella
1280 3205 1422 3306 respon·

321 3302 399 3395 dit,
419 3305 452 3377 se
473 3303 539 3378 hoc
560 3305 692 3403 exiguo
709 3325 917 3378 contentum
938 3305 1035 3397 fore3
1054 3304 1147 3405 quod
1169 3305 1313 3407 itaque,
1339 3304 1421 3378 clam

320 3405 402 3475 Rex
423 3402 499 3476 dari
518 3403 682 3496 jullrllet,
708 3403 920 3479 miratus-eli
941 3404 1183 3504 summopere,
1204 3406 1262 3479 ubi
1284 3405 1420 3479 adram

318 3500 564 3577 incredibilem
583 3503 823 3608 quantitatem
843 3505 1042 3587 excrescere
1059 3504 1356 3605 deprehenderit,
1378 3527 1418 3580 ut

319 3626 383 3774 per
413 3603 613 3679 universum
634 3627 809 3681 terrarum
834 3609 957 3710 orbern
978 3605 1188 3681 tantundem
1210 3603 1325 3680 tritici
1344 3627 1418 3680 non

332 3722 538 3801 uppeteret.

314 3872 315 3875 ,
397 3805 584 3893 Quantus
612 3806 653 3882 fit
687 3808 832 3883 futurus'
851 3807 976 3884 horum
1006 3831 1194 3907 granorum
1225 3831 1417 3899 numerus,

316 3899 611 4000 investigabitur,
640 3933 871 3984 numerumr
905 3907 1072 3983 continui
1093 3907 1306 4010 duplicando
1327 3906 1417 3980 vici·

316 4003 380 4076 bus
399 3999 446 4097 63
460 4039 480 4094 5
502 4026 540 4077 ut
562 4004 731 4084 habeatur
751 4034 917 4083 numerus
937 4009 1016 4082 loco
1036 4009 1165 4084 ultimo
1183 4008 1346 4101 debitus3
1377 4007 1417 4081 δι

317 4127 387 4176 una
408 4130 515 4204 porro
535 4104 636 4197 vice,
663 4131 701 4182 ut
722 4109 895 4188 habeatur
912 4110 1071 4182 omnium
1100 4110 1255 4202 summa3
1283 4110 1415 4212 quippe

317 4200 463 4304 duplum
482 4204 624 4300 ultimi,
651 4235 723 4285 uno
747 4208 958 4305 minimest
977 4207 1136 4284 omnium
1161 4209 1314 4286 summa.

1245 4305 1412 4384 ..1d.
