3500 5234
473 717 556 813 236
670 718 1056 789 annouounrnrn
1082 715 1190 787 Pana
1217 714 1282 787 IV.

428 820 626 919 quadrante
646 816 779 905 majus,
807 815 865 886 vel
886 814 1024 905 minus,
1053 813 1269 913 hypotenusa
1294 813 1366 896 erit
1399 816 1529 913 pariter

428 918 627 1017 quadrans3
653 916 704 987 ut)
732 915 987 1014 demonstratum
1015 914 1064 1014 est
1082 919 1118 987 in
1133 920 1247 1009 prima
1266 934 1366 1008 parte
1386 917 1529 992 Theora-

427 1021 550 1089 maris.
594 1020 719 1113 Itaque
743 1018 778 1087 r‘u
804 1020 926 1110 quovis
950 1014 1119 1109 triangulo
1135 1012 1297 1112 spherica
1323 1015 1529 1112 renangatr,
1559 1099 1561 1107 A

427 1136 467 1187 ut
482 1119 696 1203 decernatur,
717 1135 829 1186 utrum
848 1113 1050 1212 hypotenusa
1063 1110 1110 1213 st
1129 1113 1301 1210 quadrans
1319 1116 1464 1207 circuli,
1475 1118 1528 1216 sa·

427 1218 575 1305 riserit,
591 1212 623 1314 fi
641 1213 838 1287 alterutrum
857 1215 994 1288 duorum
1013 1215 1155 1288 laterum
1167 1211 1216 1315 st
1232 1212 1432 1312 quadrans,
1448 1220 1527 1316 rqttt't

425 1314 500 1389 utta
519 1314 681 1391 habeatur
700 1321 785 1390 ratio
803 1314 945 1388 alterius
964 1313 1100 1389 lateris.
1249 1366 1253 1374 -
1510 1341 1512 1348 ·

822 1465 1040 1540 Corollariurn
1066 1469 1140 1538 III.
1508 1461 1516 1474 ··
1551 1459 1561 1501 t

425 1616 516 1711 283.
592 1620 613 1688 I
626 1605 825 1715 hypotenusa
837 1613 884 1715 fit
899 1614 1087 1713 quadrante
1100 1616 1225 1703 minor,
1240 1611 1305 1687 duo
1314 1613 1427 1688 latera
1436 1575 1523 1689 arunt
1554 1558 1561 1601 ξ

614 1716 761 1808 ejudem
773 1721 933 1814 speciei;
951 1711 986 1814 fi
1005 1712 1193 1813 quadrante
1209 1712 1337 1806 major,
1363 1714 1430 1790 duo
1445 1715 1522 1790 late·

424 1841 464 1888 ra
474 1814 590 1914 specie
607 1816 645 1913 dr:
673 1814 785 1888 erent.

525 1918 610 1987 Haec
638 1913 708 1990 duo
735 1914 938 1990 Corollaria
968 1914 1045 1989 sunt
1075 1912 1333 2015 Proposrtiones
1352 1914 1522 1988 converse

314 2025 316 2029 ’
422 2014 719 2115 precedentium.
747 2019 841 2090 Nam
863 2015 901 2089 in
922 2015 1156 2115 primocasu,
1181 2013 1295 2088 fiduo
1322 2014 1438 2088 latera
1466 2014 1523 2088 dif-

423 2114 559 2186 ferrent
580 2114 713 2214 specie,
740 2115 956 2215 hypotenusa
975 2113 1057 2188 effet
1079 2116 1137 2187 vel
1163 2111 1298 2203 major,
1325 2114 1385 2186 vel
1415 2131 1523 2216 aequ'a·

424 2211 470 2285 lis
489 2213 679 2313 quadranti
699 2212 823 2287 circuli
844 2218 904 2311 (n.
925 2217 1013 2290 281.
1033 2216 1169 2309 ata).
1197 2214 1238 2285 In
1258 2212 1411 2286 secundo
1427 2213 1523 2305 casu,

423 2309 448 2383 fi
477 2312 547 2384 duo
574 2312 688 2386 latera
715 2312 821 2387 effent
850 2316 1001 2407 ejusdem
1028 2314 1176 2413 speciei,
1202 2311 1251 2406 hy
1275 2313 1424 2386 otenusa
1445 2312 1523 2387 effet

423 2411 485 2485 vel
500 2410 640 2506 minor,
656 2413 715 2488 vel
730 2415 870 2513 praecise
889 2411 1031 2524 aequalis
1041 2412 1232 2516 quadranti
1244 2339 1292 2506 hh
1304 2434 1396 2509 279.
1408 2415 1525 2509 282.)-

868 2561 1019 2639 sabana
1043 2569 1075 2637 I.

423 2715 514 2807 284.
591 2715 608 2786 I
627 2714 844 2816 hypotenusa
863 2714 904 2789 fit
925 2713 1102 2816 quadrans
1122 2711 1270 2802 circuli,
1299 2710 1434 2787 necesse
1454 2711 1521 2805 est,
1559 2789 1561 2798 ,

526 2716 585 2906 S
614 2814 736 2888 saltem
756 2816 972 2891 alterutrum
992 2813 1141 2888 duorum
1162 2813 1315 2886 laterum
1344 2808 1411 2886 effe
1441 2838 1521 2916 qua·
1559 2837 1561 2886 ν

420 2910 585 2989 drentem
604 2914 751 2989 circuli.

519 3022 635 3106 Nam,
666 3012 698 3114 fi
730 3014 794 3088 huo
819 3016 928 3088 latera
952 3012 1054 3114 esent
1078 3014 1139 3087 vel
1163 3014 1256 3086 ambo
1281 3016 1433 3103 minora,
1467 3009 1521 3084 uel

419 3132 565 3211 utraque
584 3114 733 3207 majora,
759 3115 820 3187 vel
845 3115 988 3188 alterurn
1014 3119 1145 3204 minus,
1172 3113 1220 3188 Θ*
1245 3111 1387 3185 alterurn
1413 3111 1520 3205 majus

417 3213 610 3308 quadrante
627 3213 744 3286 circuli
752 3264 765 3305 ,
784 3212 988 3312 hypotenusa
1007 3238 1136 3310 quoque
1150 3209 1230 3308 eset
1244 3212 1447 3305 valuitne,
1468 3209 1520 3284 veh

419 3315 526 3406 taujau
543 3312 734 3411 quadrante
751 3312 868 3386 circuli
890 3311 1045 3409 (n.279.
1068 3314 1201 3403 nnn).

518 3417 643 3512 Itaque
661 3417 698 3487 ν’νν
716 3438 752 3486 eo
770 3412 871 3510 casu,
898 3416 935 3485 in
954 3437 1018 3509 quo
1042 3410 1246 3510 hypotenusa
1272 3430 1387 3509 equat
1413 3433 1518 3484 arcun

420 3531 472 3607 90
485 3514 677 3605 graduum,
700 3516 891 3607 'contingere
906 3533 969 3608 pa·
1118 3529 1121 3534 '

417 3608 505 3706 test,
533 3612 623 3705 quhd
642 3612 699 3685 uel
716 3610 780 3686 huo
799 3612 908 3685 latera
922 3638 967 3684 ae-
1006 3646 1009 3649 ⁴
1228 3611 1270 3685 E

417 3727 525 3803 quent
544 3711 710 3783 interdurn
723 3708 861 3813 sagula
882 3738 968 3809 qua·
1094 3677 1131 3757 B
1333 3668 1369 3743 F

418 3806 572 3879 drantem
588 3811 728 3901 circuli,
748 3813 805 3884 veh
824 3812 968 3886 alterum
1506 3879 1508 3884 ,

416 3903 531 3982 horum
549 3906 593 4007 fit
612 3911 797 4008 quadranti
815 3911 968 4009 aequale,
996 3894 1043 3984 Α
1445 3915 1489 3995 D

420 4004 468 4079 (9*
488 4007 629 4081 alterum
645 4010 777 4102 majus,
793 4009 970 4108 minusve..

418 4111 511 4178 Nam
529 4108 760 4205 hatur‚puta,
778 4112 879 4201 ΑΕ,
895 4111 969 4182 curn

415 4201 464 4305 st
492 4208 666 4303 quadrans
689 4210 829 4300 circuli,
863 4208 970 4309 ipsus
1132 4234 1169 4322 c

419 4311 613 4383 extremitas
630 4310 685 4400 E,
700 4306 847 4409 opposta
863 4336 970 4407 angu-
1442 4416 1457 4487 ι

1455 4444 1473 4491 ν
