3500 5234
461 749 535 818 124
674 726 1258 798 Paaxrsanoonomarntca

408 828 449 904 Id
471 824 557 900 verd
571 823 789 898 obtineturo
814 821 1103 924 eperpendi'culi.
1127 825 1222 896 Nam
1234 821 1271 896 in
1281 824 1501 926 quadrante,

407 952 477 1027 ope¹
494 924 757 1026 perpendiculi,
785 851 948 997 latuitur
968 921 1152 1022 supernum
1164 922 1389 997 Instrumenti
1411 926 1501 1001 latus

404 1025 698 1129 'perpendiculare
728 1023 933 1117 horizonti3
968 1022 1003 1095 dt
1031 1021 1066 1095 in
1093 1022 1313 1097 semicirculo
1337 1024 1503 1101 statuitur

405 1123 706 1230 perpendicularis
733 1123 914 1197 horizonti
941 1121 1200 1196 semidiameter
1218 1122 1382 1197 dividens
1403 1125 1504 1199 semi·

407 1227 578 1300 circulum
600 1223 636 1297 in
657 1223 743 1297 duos
762 1224 998 1326 quadrantes,
1028 1222 1118 1296 unde
1138 1224 1350 1326 consequens
1369 1224 1443 1316 est,
1465 1248 1503 1300 ut

408 1326 502 1400 latus
530 1325 682 1396 alterum
711 1324 941 1427 quadrantis,
968 1322 1078 1422 ipsum
1108 1348 1232 1423 nempe
1261 1323 1382 1422 anguli
1412 1325 1504 1400 latus

408 1424 609 1514 infernum,
635 1422 675 1495 stt
703 1422 884 1497 horizonti
911 1423 1139 1523 parallelum.
1298 1441 1301 1448 ·

507 1522 712 1596 Collocatio
731 1521 851 1626 itaque
872 1521 1171 1622 perpendicularis
1192 1522 1294 1597 unius
1313 1523 1505 1599 laterisIn·

407 1622 591 1699 strumenti
612 1622 731 1696 seduld
751 1621 987 1695 examinanda
1008 1619 1077 1715 est,
1105 1620 1266 1697 deviatio
1320 1624 1422 1724 uippe
1450 1625 1506 1699 in·

407 1723 575 1799 sensibilis
594 1748 613 1794 a
634 1722 910 1823 perpendiculo,
936 1746 1093 1795 errorem
1110 1721 1218 1796 infert
1235 1723 1272 1795 in
1289 1650 1509 1799 dimensione·

408 1822 623 1897 sensibilem.
667 1826 787 1913 Quare
817 1822 937 1896 cautio
965 1820 1164 1895 adhibenda
1193 1822 1352 1937 duplex:
1386 1823 1506 1899 Prima

408 1921 480 2014 est,
500 1943 539 1995 ut
559 1923 812 2022 perpendiculo
831 1924 883 1996 ita
902 1922 1046 2023 planum
1088 1922 1267 1997 uadrantrs
1283 1922 1507 2022 applicetur,

409 2042 450 2097 ut
471 2043 590 2093 tamen
611 2020 707 2097 illius
727 2023 933 2099 libertatem
952 1949 1119 2098 conrailu
1139 2023 1200 2097 suo
1218 2048 1288 2095 non
1311 2021 1509 2122 impediat;

408 2118 591 2210 Secunda,
613 2143 652 2194 ut
673 2124 962 2222 perpendiculum
981 2122 1161 2225 quiescat3
1181 2121 1262 2196 hinc
1279 2119 1353 2212 ejus
1368 2144 1510 2211 motum

409 2217 484 2293 leni
503 2216 641 2294 attadlu
660 2221 792 2296 elidere
813 2243 981 2324 oportet,
1001 2223 1026 2295 st
1045 2223 1151 2297 nimis
1172 2222 1233 2298 diu
1253 2221 1410 2297 titubet.

647 2392 1180 2537 oasauvurro
1231 2424 1276 2495 x.

414 2641 500 2717 155.
615 2621 742 2721 Efiniui
761 2623 869 2724 potest
895 2626 1072 2723 quantitas
1098 2627 1215 2699 erraris
1233 2650 1275 2698 ex
1292 2622 1422 2720 desediu
1437 2646 1516 2721 pet·

634 2725 809 2820 pendiculi
831 2730 868 2799 in
889 2725 1086 2800 altitudinis
1103 2723 1288 2824 mensuram
1308 2725 1491 2798 derivata.

508 2826 604 2897 Pone
631 2824 725 2898 latus
750 2824 897 2899 inferius
924 2824 1043 2924 anguli
1070 2823 1272 2899 altitudinis
1298 2851 1360 2925 per
1385 2824 1518 2900 Instru-

410 2943 572 2996 mentum
592 2924 757 3013 inventi,
778 2951 848 2998 non
866 2925 931 2998 elle
944 2924 1124 3000 horizonti
1137 2924 1361 3025 parallelum,
1382 2950 1421 2997 ac
1463 2951 1518 2998 ro·

410 3018 495 3095 inde
521 3048 598 3095 cunt
626 3024 820 3114 altitudine
847 3023 1076 3099 mensuranda
1096 3029 1166 3097 BC
1187 3026 1355 3123 angulum
1377 2952 1517 3099 retium

410 3146 482 3195 non
509 3123 673 3215 efficere,
702 3124 756 3196 sed
785 3122 910 3198 cadere
942 3125 1057 3213 infra,
1087 3125 1145 3196 vel
1174 3125 1276 3223 supra
1305 3124 1516 3223 parallelum

411 3219 594 3296 horizonti
617 3226 714 3315 AB,
734 3223 785 3297 uti
807 3225 938 3298 cadunt
958 3223 1062 3296 redlae
1084 3226 1182 3315 ΑΖ,
1202 3224 1296 3294 ΑΖ.
1317 3223 1516 3312 Quantitas

412 3322 543 3396 erroris
562 3322 600 3395 in
620 3322 823 3397 altitudinis
843 3327 913 3397 BC
933 3323 1129 3396 mensuram
1150 3348 1197 3399 ex
1216 3321 1281 3396 hoc
1299 3321 1441 3398 defectu
1457 3324 1518 3398 de·

411 3418 553 3513 rivata,
582 3423 632 3495 ita
653 3422 795 3496 decerni
818 3424 974 3523 poterit.

511 3520 595 3595 Ello
614 3523 781 3597 mensoris
800 3525 923 3597 oculus
943 3523 979 3596 in
991 3526 1046 3596 A:
1065 3519 1222 3598 altitudo
1244 3546 1331 3597 veta
1346 3524 1418 3597 BC
1428 3549 1439 3596 τ
1458 3550 1516 3599 ra·

413 3616 492 3691 dius
513 3625 590 3693 AC
616 3624 659 3695 ab
679 3626 785 3697 oculo
811 3650 872 3725 per
894 3623 977 3697 alti·
1357 3645 1359 3652 '

413 3717 550 3793 tudinis
571 3721 704 3820 apicem
726 3726 758 3793 C
770 3747 780 3793 ε
811 3722 977 3797 distantia

414 3816 498 3890 data
520 3823 615 3913 AB,
644 3847 684 3893 ac
701 3821 848 3922 proinde
865 3823 975 3896 etiam

413 3920 490 3989 ΑΖ
515 3942 611 3993 1000
633 3919 782 4032 pedum.
809 3925 867 3995 Ex
888 3948 977 4022 pun·

415 4015 476 4090 &0
492 4020 523 4088 Z
540 4022 890 4120 concipiatureredla
902 4026 973 4096 ZX

414 4118 714 4218 perpendicularis
739 4122 781 4197 ad
804 4124 899 4217 Az;
917 4123 975 4198 cui

415 4221 975 4299 wmmfflmACm&
