3500 5234
528 720 1197 800 oeLooutttnn.ott101me·
1281 743 1370 824 349·

421 872 480 947 Sic
509 872 652 965 etiam,
686 871 710 943 st
741 847 783 943 a²
812 896 874 971 per
893 898 915 946 a
933 871 1216 971 multiplicetur,
1240 857 1315 976 quit
1334 900 1415 976 pro·

323 1021 378 1097 dit
400 998 467 1114 123,
492 1047 561 1095 non
582 1018 651 1095 erit
668 1020 777 1094 trium
794 1018 1046 1093 dimensionum
1062 1025 1266 1122 quantitas,
1284 1025 1341 1098 seu
1355 1052 1417 1099 cu·

323 1122 388 1195 bus
406 1120 665 1219 geometricus,
690 1120 746 1193 sed
767 1119 886 1211 linea,
910 1144 986 1222 quae
1006 1117 1053 1191 est
1070 1145 1216 1222 quartus
1242 1123 1416 1199 terminiis

320 1220 364 1294 in'
387 1220 621 1321 progreffione
641 1219 881 1318 geometrica,
910 1218 1006 1309 cujus
1025 1218 1158 1319 primus
1176 1224 1346 1300 terminus
1367 1222 1417 1297 est

324 1389 370 1461 1,
394 1370 560 1445 secundus
580 1397 620 1442 a.
645 1370 743 1442 Nam
764 1367 910 1444 termini
939 1390 982 1461 1,
1012 1395 1055 1462 a,
1084 1347 1151 1461 a²,
1180 1343 1247 1462 a3,
1274 1350 1318 1443 a4
1345 1372 1416 1447 &a

318 1468 399 1545 'sunt
419 1471 458 1545 in
476 1470 645 1544 continua
664 1471 802 1544 ratione
827 1492 843 1542 1
869 1468 913 1540 ad
934 1495 975 1541 a.

420 1570 596 1644 Similiter
624 1568 668 1643 ab
698 1571 835 1662 unitate
867 1565 987 1665 versis
1015 1564 1184 1661 sinistram
1213 1567 1418 1649 continuari

1206 1693 1273 1736 -1

318 1717 435 1889 qqtest
448 1717 687 1795 descendendo
702 1718 825 1797 eadem
840 1716 944 1793 series
959 1717 1206 1816 geometricaa
1289 1768 1302 1807 ,
1322 1696 1414 1787 Γ2

361 1844 416 1911 c.,
446 1823 499 1895 utl
529 1843 640 1919 nuper
669 1818 918 1917 prediximus3
943 1817 980 1891 &
1008 1817 1187 1921 quotlibet
1211 1814 1321 1891 medii
1336 1838 1419 1917 pro-

320 1920 539 2020 portionales
558 1915 663 1992 inseri
683 1918 841 2020 poliunt.

320 3232 412 3305 440.
423 3211 511 3397 ΙΝ
534 3214 652 3317 nosltis
670 3217 926 3290 Commentariis
944 3214 1061 3290 Atitb.
1077 3213 1224 3315 univerfl
1244 3214 1322 3286 Lib.
1332 3219 1364 3286 I.
1383 3240 1418 3285 n.
1474 3244 1476 3247 ¹

495 3316 530 3385 8.
560 3341 632 3389 aum
661 3322 824 3391 Newtonu
852 3314 1162 3412 multiplicationem
1194 3312 1417 3410 definivimus

322 3410 418 3486 illam
436 3409 523 3513 effe,
547 3417 584 3488 in
605 3441 675 3512 qua
693 3423 856 3513 quaeritur
874 3443 964 3491 nava
983 3419 1181 3515 quantitas,
1208 3418 1244 3488 in
1264 3439 1305 3486 ea
1333 3439 1419 3510 qua·

321 3537 451 3611 cunque
469 3514 595 3586 tatione
614 3513 659 3587 ad
672 3519 898 3612 quantitatem
912 3513 1224 3615 multiplicandam,
1243 3538 1344 3612 quam
1360 3512 1420 3585 ba·

321 3613 379 3685 bet
397 3609 636 3708 multiplicator
653 3613 699 3687 ad
717 3618 901 3688 unitatem.
927 3620 1009 3689 Haec
1023 3614 1247 3715 universalior
1260 3617 1346 3687 notio
1356 3640 1419 3709 ge·

322 3736 388 3785 nus
405 3738 496 3785 omne
513 3717 745 3811 quantitatum
761 3716 1014 3811 compleilitur;
1037 3740 1145 3813 neque
1159 3711 1349 3812 tantitmfit.
1357 3734 1420 3809 per

324 3811 501 3912 abstractas
517 3838 686 3906 numerat,
709 3813 772 3912 sed
789 3817 891 3889 etiam
906 3835 969 3910 per
995 3836 1157 3891 concretas
1185 3818 1418 3913 quantitates,

325 3929 365 3983 ut
387 3932 449 4007 per
476 3911 605 4006 lineas,
625 3912 848 4014 superficies,
871 3913 1020 4011 pondera
1047 3915 1158 4001 &m
1184 3935 1349 4013 quatenus
1367 3909 1418 3984 bae

325 4008 371 4084 ad
394 4011 544 4109 aliquam
553 4014 615 4114 sui
627 4020 761 4111 generis
777 4018 1023 4112 quantitatem,
1049 4037 1210 4115 tanquam
1229 4019 1418 4102 unitatem,

322 4108 461 4203 relatae,
487 4118 630 4209 rationes
646 4135 848 4191 numerorum
864 4119 1059 4215 exprimere,
1068 4112 1225 4218 pofflmt,
1254 4115 1304 4190 o
1329 4113 1419 4183 vices

320 4206 501 4313 supplere.

1258 4311 1375 4386 PRO·
