3500 5234
367 743 409 813 ab
418 739 483 812 alio
493 738 631 829 puniio,‘
645 733 730 825 quod
738 729 804 802 ¹non
815 732 852 802 lit
863 730 954 822 polus
963 727 1102 813 ejusdem
1112 723 1225 801 circuli
1237 756 1340 802 mum.
1353 753 1372 802 2
1376 753 1433 819 34.

324 837 435 906 Coreli.
468 836 499 901 Si
525 833 588 900 duo
607 829 722 918 puncla
740 848 830 893 arcus
850 825 985 893 minoris
1004 824 1347 894 semicircumferentis
1365 828 1433 894 cir·

369 927 456 1010 culi,
476 926 588 993 dillenr
608 917 726 1009 singula
745 917 895 1007 gradibus
913 940 956 1004 90
973 918 1014 986 ab
1026 915 1092 985 alio
1106 916 1244 1005 punsio,
1268 916 1331 985 hoc
1347 940 1433 1007 pun·

367 1017 454 1088 sium
475 1019 535 1084 erit
556 1014 645 1103 polus
664 1011 801 1091 ejusdem
820 1033 932 1079 arcus.
1259 1097 1261 1101 Ι

325 1110 382 1180 Sin
401 1130 509 1179 autem
529 1108 592 1174 duo
611 1104 727 1193 punsla
744 1103 803 1172 sint
824 1102 1046 1172 extremitates
1066 1123 1157 1169 arcus
1175 1101 1309 1188 equalis
1331 1102 1432 1171 semi·

369 1198 657 1282 circumferentiae,
681 1214 832 1284 poterunt
859 1193 979 1284 fingula
1006 1195 1118 1262 distare
1144 1193 1294 1283 gradibus
1322 1217 1368 1281 90
1389 1195 1432 1261 ab

320 1339 327 1354 ·
346 1367 350 1374 ,
372 1294 480 1381 aliquo
498 1288 635 1377 putitio,
657 1289 741 1377 quod
762 1311 830 1355 non
847 1286 883 1355 lit
900 1287 990 1375 polus
1004 1286 1165 1366 ejusdem.
1352 1308 1432 1377 235·

321 1379 432 1472 Defin.
456 1387 521 1453 ΙΙΙ.
543 1380 693 1470 Augulus
712 1379 879 1469 sphaericus
892 1382 1013 1449 dicitur
1031 1378 1105 1463 ille,
1131 1402 1228 1466 quem
1248 1377 1281 1445 in
1303 1378 1432 1466 sphaerae

321 1517 325 1524 ·
369 1474 533 1566 superficie
559 1474 623 1541 duo
648 1473 865 1542 maximorum
893 1471 1089 1542 circulorum
1117 1494 1208 1539 arcus
1227 1470 1289 1540 sese
1310 1474 1432 1540 mutuo

321 1617 326 1629 ·
368 1569 508 1637 secantes
536 1566 706 1634 continent
722 1588 744 1648 3·
765 1564 801 1633 δι
827 1564 958 1651 aqualis
985 1565 1027 1632 est
1052 1561 1261 1632 inclinationi
1288 1565 1432 1633 duorum

367 1658 535 1749 planorum
555 1658 718 1745 utriusque
736 1656 871 1724 maximi
894 1655 1027 1725 circuli.
1140 1703 1145 1714 -
1351 1659 1430 1745 236.

320 1754 437 1824 Caroli.
464 1753 552 1819 Dato
570 1749 688 1839 angulo
703 1747 872 1837 sphaerico,
891 1748 912 1815 fi
928 1747 1131 1837 concipiatur
1143 1748 1262 1818 tertius
1276 1748 1431 1833 circulus,

369 1843 462 1925 cujus
481 1842 572 1933 polus
590 1841 625 1909 fit
644 1841 811 1910 summitas
827 1837 939 1931 anguli
961 1840 1124 1930 sphaerici,
1142 1864 1233 1909 arcus
1250 1839 1348 1923 hujus
1362 1841 1430 1909 cir*

320 1961 323 1966 ·
368 1935 456 2021 culi,
484 1938 679 2023 interceptus
706 1956 725 2001 a
744 1933 868 2003 duobus
887 1932 1060 2018 lateribus,
1088 1935 1131 2002 est
1149 1932 1298 2003 mensura
1317 1930 1429 2023 anguli

321 2077 327 2087 .
364 2025 528 2117 sphaerici·
882 2082 885 2087 .
1244 2073 1248 2082 -
1351 2043 1430 2115 237.

318 2120 432 2190 Coreli.
457 2120 581 2188 Vertex
601 2116 710 2208 anguli
731 2116 872 2209 sphaerici
891 2116 934 2187 est
953 2115 1044 2206 polus
1062 2141 1173 2203 arcus,
1192 2112 1252 2207 qui
1280 2120 1430 2189 eumdem

366 2210 519 2301 angulum
539 2210 693 2280 metitur.
1352 2214 1430 2299 238.

319 2305 435 2375 Coroll.
460 2301 615 2371 Mensura
640 2300 751 2390 anguli
782 2302 923 2393 sphaerici
948 2302 991 2371 est
1009 2301 1279 2391 perpendicularis
1301 2303 1365 2372 suis
1384 2303 1432 2371 la·

367 2396 509 2465 teribus.
534 2393 576 2462 Er
597 2395 775 2481 reciproci.
1352 2418 1432 2485 239.

210 2483 212 2487 ’
321 2488 434 2557 Coroll.
457 2486 491 2557 si
518 2486 593 2553 bina
611 2486 719 2575 anguli
741 2485 840 2555 latera
858 2505 983 2573 sequent
1002 2486 1124 2577 fingula
1141 2487 1352 2574 quadrantem
1369 2490 1431 2555 cir·

320 2615 328 2629 ’
369 2576 457 2663 culi,
482 2582 593 2662 arcus,
612 2580 668 2667 qui
690 2578 765 2647 bans
784 2580 847 2665 est,
866 2578 1003 2648 meritur
1023 2580 1171 2648 eumdem
1189 2579 1367 2669 angulum.
1388 2579 1428 2648 Et

366 2670 547 2761 reciprocs.
1258 2694 1335 2757 240.
1356 2687 1433 2758 2'41.

320 2765 435 2833 Coroll-
458 2762 492 2833 Si
523 2762 587 2830 duo
616 2785 707 2832 arcus
735 2764 950 2833 maximorum
981 2760 1176 2832 circulorum
1204 2784 1379 2833 occurrant
1399 2765 1434 2833 in

320 2903 328 2918 .
369 2854 494 2923 duobus
515 2853 660 2943 punsiis,
687 2854 796 2945 anguli
817 2856 949 2944 oppositi
970 2855 1041 2923 sunt
1061 2851 1216 2941 aequales.
1357 2880 1434 2943 242.

320 2949 433 3019 Coroll.
460 2946 537 3015 Duo
565 2946 781 3015 maximorum
806 2948 1001 3017 circulorum
1030 2961 1150 3030 arcus,
1182 2971 1319 3035 quorum
1350 2973 1435 3017 unus

322 3089 325 3096 ·
370 3038 479 3109 minor
497 3038 532 3106 sit
552 3036 894 3110 semicircumserenril
913 3038 1047 3125 circuli,
1075 3039 1284 3129 nonpollunt
1303 3041 1435 3110 claude·

290 3204 293 3212 ,
367 3156 402 3201 re
422 3132 558 3220 spatium
577 3131 610 3197 in
630 3129 794 3218 superficie
819 3131 963 3219 sphaerae.
1239 3155 1241 3161 ’
1356 3156 1435 3222 243.

321 3224 436 3293 Coreli·
460 3224 493 3292 Si
513 3224 578 3290 duo
597 3220 697 3290 latera
715 3224 825 3312 anguli
852 3223 992 3311 sphaerici
1022 3224 1185 3294 transeant
1208 3222 1345 3296 vicillim
1379 3250 1436 3314 per

366 3314 456 3404 polos
473 3313 607 3383 alterius
631 3312 759 3398 lateris,
787 3314 1003 3403 angulus'erit
1025 3317 1145 3388 tesius.
1175 3318 1217 3385 Er
1246 3317 1438 3407 reciprocs,

366 3408 389 3475 st
417 3406 553 3568 ειὲςυίυε
580 3405 617 3474 fit
645 3405 770 3492 resins,
799 3405 884 3477 latus
911 3408 1050 3480 alterum
1078 3435 1134 3500 per
1158 3408 1291 3479 alterius
1320 3409 1434 3500 polum

320 3535 327 3548 ·
368 3515 439 3567 trau
466 3501 531 3569 bit.
1068 3580 1070 3584 ⁸
1354 3525 1433 3587 24.

321 3591 432 3660 coron.
456 3589 580 3679 Anguli
599 3591 638 3661 ad
658 3593 818 3664 verticem
834 3595 989 3683 oppofiti,
1007 3594 1080 3664 sunt
1097 3591 1251 3682 aquales.
1272 3594 1358 3663 Item
1375 3523 1433 3661 rri-

323 3709 329 3742 τ
365 3681 528 3843 gigniqui
559 3685 631 3752 suut
658 3684 812 3777 deinceps
837 3688 1089 3777 consequentes,
1113 3705 1281 3775 sequantur
1307 3686 1432 3754 duobus

362 3797 396 3843 re
429 3797 481 3842 rs.
1026 3836 1028 3839 .
1354 3782 1433 3863 246.

318 3865 428 3955 Defin.
453 3867 506 3937 W.
528 3868 747 3960 Triangulum
766 3872 953 3961 sphericum
972 3869 1213 3957 diciturillud,
1239 3872 1325 3959 quod
1351 3895 1437 3939 con·

322 4011 325 4018 .
365 3960 490 4029 sinetur
504 3958 538 4026 in
559 3962 720 4050 superficie
739 3965 863 4053 sphaerre
883 3966 986 4033 tribus
1002 3964 1217 4034 maximorum
1232 3963 1434 4033 circulorum

366 4053 523 4135 arcubus,
545 4054 601 4140 qui
620 4054 775 4125 dicuntur
787 4055 856 4138 ejus
875 4056 994 4127 latera.
1020 4056 1061 4125 Et
1084 4056 1303 4125 consideratur
1335 4056 1438 4123 instar

324 4183 326 4188 ·
366 4145 541 4230 pyramidis
561 4144 788 4235 triangularis,
811 4148 904 4231 cujus
924 4169 1037 4220 vertex
1055 4150 1091 4217 sn
1112 4149 1146 4217 in
1163 4170 1279 4217 centro
1296 4147 1435 4236 sphaerae‚

326 4261 329 4266 ’
365 4237 402 4308 δι
423 4236 497 4309 basis
513 4238 551 4327 st
562 4239 671 4331 portio
689 4240 867 4331 superficiei
885 4242 1061 4335 sphaericae,
1078 4242 1253 4314 terminata
1266 4242 1435 4403 rribgtsrr·

1283 4357 1325 4404 cu
1350 4354 1387 4404 us
