3500 5234
323 844 469 919 absurde
491 842 668 938 facerem,
695 840 719 920 st
739 848 783 921 ab
804 873 868 940 ea,
893 873 1000 951 quam
1020 844 1189 923 hedenus
1217 772 1426 943 tenuerim,

323 946 495 1021 methodo
515 948 551 1019 in
569 945 632 1018 bac
649 947 950 1048 Trigonometriae
969 947 1183 1023 tradiatione
1197 948 1427 1023 discederem.

425 1044 522 1119 Deni
552 1073 592 1119 ue
608 1043 697 1119 'ferd
718 1051 845 1122 ¹omnes
873 1048 1070 1146 Scriptores
1095 1049 1132 1122 in
1161 1048 1302 1123 theoria
1330 1050 1428 1123 lucu·¹

321 1144 443 1219 lenter
467 1073 638 1220 tradenda
668 1147 738 1220 toti
760 1148 863 1240 sunt3
903 1148 1020 1239 usum,
1051 1150 1426 1253 ‘exercitationemque

322 1245 775 1343 trigonometricicalculi
802 1246 1000 1322 omittunt:
1034 1273 1110 1348 quae
1140 1275 1194 1323 res
1228 1251 1427 1325 multorum

324 1345 493 1443 ingenia,
519 1349 865 1460 progrelfronemque
897 1348 1078 1420 retardat.
1126 1354 1240 1442 Nam,
1267 1352 1428 1449 quemad-

323 1446 486 1538 modum,
516 1449 634 1549 inquit
664 1450 809 1523 Tullius
836 1448 902 1521 lib.
934 1471 965 1519 t.
995 1449 1038 1521 de
1060 1446 1229 1540 officiis,
1266 1477 1323 1523 nec
1347 1454 1428 1524 Me·

323 1546 424 1639 dici,
465 1549 522 1621 nec
550 1554 801 1646 Imperatores,
838 1573 897 1621 nec
925 1554 1109 1639 Oratores,
1145 1553 1307 1646 quamvis
1342 1557 1428 1624 artis

319 1661 489 1743 precepta
517 1654 759 1745 perceperint,
794 1645 982 1748 quidquam
1016 1671 1139 1744 magna
1164 1648 1266 1721 laude
1290 1648 1428 1744 dignum

338 1772 392 1819 me
411 1744 503 1848 asa,
529 1750 578 1825 (Ψ
599 1757 832 1825 exercitatione
853 1750 1007 1850 consequi
1030 1746 1197 1850 poffunt;
1222 1747 1280 1820 Sic
1305 1750 1430 1822 utrius·

322 1871 391 1948 que
429 1849 730 1946 Trigonomctria
770 1850 993 1923 theoremata
1028 1848 1314 1921 demonstrantur
1349 1848 1429 1951 qui·

322 1942 403 2020 dem
430 1948 594 2048 egregie,
620 1970 659 2023 ut
686 1947 821 2023 faciunt
846 1950 1031 2052 plerique3
1056 1947 1112 2021 sed
1140 1948 1193 2023 rei
1218 1946 1430 2045 magnitudo

323 2045 445 2140 ufum‚'
476 2049 776 2122 exercitationem
804 2075 846 2123 ue
876 2048 1070 2127 desiderat.
1116 2052 1217 2139 Quos
1245 2049 1341 2121 enim
1371 2048 1430 2122 ssi-

321 2148 438 2221 mulos
476 2147 689 2221 adolescenti
729 2076 828 2223 addit
856 2148 910 2222 ‘ad
949 2148 1124 2223 theoriam
1158 2147 1266 2248 ipsam
1296 2147 1428 2223 discen·

321 2245 430 2339 dam,
459 2246 483 2319 fi
514 2248 596 2321 duci
615 2246 742 2321 'statim
772 2248 803 2323 fe
824 2248 953 2323 sentiat
973 2277 1039 2350 ope
1059 2247 1361 2347 Trigonometriae
1382 2250 1426 2323 ad

323 2344 582 2421 dimetiendam
601 2347 779 2422 stellarum
799 2349 1041 2423 distantiam'a
1061 2372 1180 2441 terra,
1205 2373 1366 2441 motum,
1386 2373 1427 2423 ac

321 2446 606 2546 magnitudinem
627 2448 725 2547 globi
745 2451 950 2622 terraquei,
970 2450 1014 2523 ad
1034 2447 1089 2524 tot
1106 2449 1428 2525 Geodefraetinllru·

323 2568 468 2639 menta,
489 2574 528 2621 ac
549 2567 699 2649 praxea,
726 2548 769 2623 ad
789 2550 838 2623 lri
866 2550 894 2624 is
925 2550 1060 2641 etiam,
1089 2576 1129 2621 ac
1159 2552 1326 2652 pleraque
1356 2551 1427 2623 alia

323 2647 363 2720 in
385 2648 538 2721 Mathest
558 2650 674 2723 mixta
696 2647 953 2749 phoenomena?
987 2650 1136 2741 Quanto
1156 2651 1307 2724 alacrids
1327 2649 1428 2724 theo·

324 2747 416 2821 riam
443 2747 551 2850 ipsam
580 2749 852 2851 compledlitur,
877 2777 984 2864 quam
1016 2752 1218 2850 frugiferam
1248 2750 1360 2842 adeb,
1388 2750 1425 2825 δε

324 2848 488 2923 humanis
509 2847 621 2922 usibus
641 2872 761 2949 aptam
782 2848 990 2953 experitur?
1020 2858 1096 2943 At,
1116 2851 1255 2953 inquiet
1276 2851 1427 2964 aliquis,

325 2975 388 3049 per
417 2949 449 3022 se
479 2947 542 3049 ipsi
571 2949 722 3024 Tirones
752 2950 845 3024 hunc
875 2950 1030 3025 studium
1060 2952 1240 3025 demetere
1270 2954 1427 3053 poliunt.
1486 2954 1488 2957 ’

325 3048 473 3141 Audio,
494 3048 677 3149 frparibus
695 3076 816 3126 omnes
837 3050 881 3124 ad
902 3051 1103 3126 discendum
1124 3051 1269 3125 stimulis
1289 3077 1429 3150 compa·

325 3150 397 3223 rati
416 3149 523 3224 elfent
544 3176 563 3223 a
584 3174 731 3230 natura.
782 3151 874 3245 Sed,
902 3152 955 3227 utl
976 3145 1014 3225 in
1033 3152 1196 3225 omnibus
1216 3150 1343 3223 officiis
1363 3151 1430 3223 tri-

327 3250 474 3344 buendis
499 3251 666 3327 monebat
695 3252 864 3344 Tullius,
890 3253 1000 3353 quaeri
1029 3271 1220 3348 oportere,
1248 3249 1334 3354 quid
1355 3250 1429 3324 cui·

325 3375 394 3452 que
413 3351 569 3426 maxime
589 3350 721 3425 nccelfe
742 3352 807 3443 fit,
828 3352 864 3424 &
884 3351 971 3456 quid
1017 3350 1151 3462 uisque,
1165 3347 1222 3422 vel
1233 3346 1301 3425 fine
1314 3352 1429 3443 nobis,

324 3473 387 3524 aut
407 3450 509 3551 poffit
529 3449 721 3554 consequi,
747 3474 900 3541 autnon
927 3478 972 3549 po
998 3472 1053 3543 1t;
1080 3470 1132 3523 ita
1159 3439 1430 3547 &'i11=lraden·

325 3550 378 3624 dis
406 3550 620 3650 difciplinis.
666 3552 876 3664 Complures
906 3549 1057 3651 fatigat,
1094 3576 1134 3623 ac
1164 3550 1274 3625 ferme
1302 3550 1429 3647 abjicit

323 3650 394 3725 iter
413 3652 502 3724 illud
524 3652 561 3724 in
582 3650 722 3725 theoria
736 3648 937 3743 duefium,
956 3650 1120 3755 quamvis
1138 3651 1255 3725 multb
1275 3652 1430 3746 brevius;

323 3751 410 3855 quin
430 3751 503 3826 intb
523 3750 748 3827 diverticulis
767 3750 999 3847 reficiuntur3
1020 3752 1133 3854 ¹leque>
1146 3751 1234 3852 ipsos
1254 3753 1429 3849 probant,

322 3878 367 3925 an
396 3852 478 3926 fatis
496 3850 648 3927 habeant
671 3852 803 3927 virium
823 3851 868 3925 in.
883 3851 1030 3926 theoria
1052 3852 1132 3926 usu.
1158 3854 1287 3954 Neque
1310 3872 1429 3924 tamen

323 3951 376 4025 ita
395 3951 592 4027 deducendi
619 3951 696 4027 funt
719 3952 760 4025 'in
791 3952 988 4028 alienarum
1018 3951 1228 4027 facultatum
1261 3949 1431 4051 polleffto·

323 4078 430 4142 nem,
461 4075 497 4124 ut
518 4072 672 4151 coeptum
701 4052 773 4125 iter
801 4054 1036 4153 abrumpant.
1077 4050 1300 4155 Neutiquam
1329 4051 1430 4128 sane.

323 4156 421 4224 Nam
442 4149 542 4239 hujus
562 4151 672 4225 etiam
692 4153 964 4227 exercitationis
983 4151 1203 4225 adhibendus
1223 4150 1271 4223 est
1290 4150 1429 4243 modus,

325 4250 368 4329 ad
384 4250 741 4359 mediocritatemque
769 4251 1013 4346 revocandus,
1041 4250 1214 4353 quantiam
1243 4249 1326 4326 satis
1357 4251 1429 4343 est,

831 4356 914 4430 Aa
1337 4373 1379 4429 ut
