3500 5234
372 699 398 773 6

323 798 444 874 tric'ae?
471 805 549 892 At,
567 800 730 903 quamvis
749 800 786 872 in
803 801 869 873 hoc
887 800 1125 874 Instrumento
1143 798 1213 871 rite
1229 796 1432 872 construen-

322 901 369 973 do
390 897 579 1000 diligentia
606 900 817 973 adhibeatur
843 899 1013 992 artificis,
1039 900 1144 1002 quim
1169 897 1246 1001 qun
1272 895 1432 974 maxima

321 1000 448 1101 possrt3
474 1000 564 1073 nihil
595 1022 715 1074 tamen
745 999 882 1091 rarior,
907 1002 1012 1103 quim
1035 999 1199 1073 erudiam
1218 998 1431 1072 divisionem

321 1100 510 1194 obtinere3
535 1100 573 1173 in
598 1127 667 1203 qua
698 1101 758 1173 vel
789 1099 982 1193 leviffimus
1001 1100 1157 1203 ¹quisque
1178 1126 1279 1174 error
1298 1102 1430 1184 abnor-

321 1226 440 1292 mem,
457 1200 504 1298 r&
524 1199 588 1274 vix
610 1201 791 1273 ferendam
806 1199 860 1291 in
890 1199 1004 1302 praxi.
1024 1199 1237 1275 varietatem
1268 1197 1430 1286 inducit.

322 1303 475 1392 Qroties
495 1300 590 1373 enim
606 1301 714 1376 Scalae
735 1299 900 1401 simplicis
920 1301 1101 1402 particulae
1119 1299 1257 1398 singular
1274 1300 1311 1374 in
1327 1299 1431 1390 chase-

322 1423 383 1493 ta‚
410 1401 659 1501 repraesentant
690 1400 839 1500 singulas
859 1400 897 1475 in
918 1427 1042 1501 campo
1061 1397 1201 1475 leucas?
1251 1403 1302 1473 At
1322 1395 1431 1501 quini

322 1501 425 1583 facile
449 1503 485 1573 in
507 1500 663 1602 aliquam
692 1527 738 1574 ex
770 1523 842 1578 tem
863 1499 1050 1593 minutulis
1069 1502 1178 1575 Soalae
1193 1498 1430 1590 ¹divisionibus

321 1600 477 1700 irrepere
501 1600 612 1701 potest
641 1599 747 1684 solius
774 1600 971 1675 ceutesrmae
996 1601 1108 1701 partis
1134 1626 1258 1693 error,
1281 1598 1346 1702 qui
1363 1599 1429 1673 vix

321 1701 416 1776 sensu
444 1700 663 1801 deprehendi
693 1700 730 1773 in
759 1699 999 1774 Insirnmento
1018 1698 1149 1800 posset?
1176 1704 1288 1774 Error
1306 1721 1428 1774 autem

320 1801 425 1876 solius
462 1801 658 1883 centesrmae
688 1800 799 1900 partis
829 1802 936 1876 leueae
964 1801 1129 1899 gallicu,
1165 1826 1271 1903 quarn
1300 1826 1429 1901 reprae·

320 1902 456 1976 semare
488 1901 629 1991 jubetur
658 1901 767 1975 scalae
798 1902 1003 2003 particula,¹
1024 1926 1180 1982 errorem
1209 1899 1348 1990 inducit
1368 1900 1429 1973 he·

321 1999 540 2100 xnpedarum
562 2025 632 2078 21.
677 2000 737 2072 Est
757 2002 794 2075 δε
812 2002 890 2084 ulia¹
903 2001 1139 2103 complurium
1160 2001 1429 2088 aberrationum

321 2101 448 2199 origo,
473 2098 558 2171 dum
579 2098 739 2190 jubemur
759 2104 906 2197 angulos
926 2129 987 2200 per
1003 2102 1239 2191 Instrumenta
1260 2100 1428 2189 inventos

319 2200 361 2278 in
380 2200 540 2273 chartam
562 2200 777 2291 transferre,
803 2224 841 2271 ac
861 2201 1080 2293 describere,
1107 2223 1147 2275 ut
1169 2199 1296 2276 srmiliu
1315 2200 1429 2274 trian-

322 2300 405 2400 gula
423 2299 691 2374 construantur:
717 2298 844 2401 inqua
869 2299 1077 2399 operatione
1107 2327 1207 2374 error
1235 2302 1296 2382 vel¹
1323 2301 1430 2387 mini·¹

322 2426 399 2475 mus
435 2399 473 2473 in
498 2400 701 2503 quantitate
729 2401 941 2498 angulorum
967 2399 1169 2480 exhibenda
1195 2399 1427 2493 commissus,

322 2499 476 2593 mirum,
502 2500 674 2604 quuntdm
695 2501 836 2601 praxim
855 2526 998 2586 omnem
1013 2501 1166 2592 turbet,
1186 2522 1293 2603 atque¹
1310 2501 1428 2576 incer·

309 2603 396 2696 ‘tam
422 2601 572 2697 reddat,
600 2600 792 2703 praesertim
820 2600 859 2676 in
878 2599 1240 2694 maximitdissnntiis
1257 2602 1427 2677 determi-

323 2700 469 2776 nandis.
1040 2723 1044 2731 ’
1079 2757 1081 2762 .
1330 2753 1346 2760 .,
1417 2755 1419 2760 .

424 2828 460 2876 2.
486 2806 607 2894 Quare
638 2807 916 2879 Geometrarum
946 2802 1115 2890 industria
1144 2804 1188 2879 ed
1214 2804 1255 2884 st·
1281 2804 1428 2897 vertit,

325 2923 364 2977 ut
385 2902 516 2976 certius
537 2904 597 2975 fibi
620 2903 805 2977 subsidium
832 2904 1133 2992 dimetiendnrum
1161 2902 1429 3003 longitudinum

323 3004 367 3076 ab
397 3003 467 3076 alia
497 3002 636 3077 theoria
657 3027 848 3103 pararent,
875 3005 1025 3109 inqua,
1051 3006 1260 3107 quibusdum
1279 3005 1371 3105 dutis
1387 3006 1426 3079 in

318 3102 505 3201 ,triangulo
524 3101 735 3195 rediilineo,
762 3104 901 3206 reliqua
919 3106 1053 3205 possent
1082 3105 1343 3188 determinare.
1371 3112 1426 3189 Ac

319 3204 439 3302 primo
467 3207 532 3298 (ut
559 3230 682 3278 eorum
706 3203 911 3303 indaginem
936 3206 1088 3307 quadam
1114 3205 1427 3281 verisimilitudine

323 3303 523 3395 comedim,
551 3304 587 3378 dc
607 3302 804 3379 Tironibus
823 3305 1186 3400 adumbrem),-.edm
1208 3306 1429 3405 triangulum

319 3427 427 3488 omne
457 3402 570 3478 tribus
598 3404 735 3503 angulis
754 3404 911 3499 constet,
938 3433 978 3481 ac
999 3408 1112 3484 tribus
1131 3406 1427 3499 lateribns22herc

321 3501 484 3594 omnium
499 3501 612 3601 prima
631 3504 771 3586 fortasse
791 3506 937 3607 suspicio
955 3508 1071 3583 movit
1091 3507 1252 3608 aliquos,
1279 3530 1317 3588 ttt
1335 3531 1428 3607 qut!-

321 3623 469 3695 rerent,
488 3627 533 3674 an
553 3602 671 3704 aliqua
689 3605 846 3681 constans
863 3607 946 3683 esset
968 3608 1062 3686 ratio
1077 3606 1175 3680 inter
1191 3606 1363 3704 angulos,
1389 3605 1428 3691 ὅς

320 3702 459 3778 latera:
478 3703 707 3802 exploratum
725 3706 854 3807 quippe
878 3707 947 3795 jam
963 3706 1043 3806 ipfis
1059 3725 1136 3790 erat
1152 3704 1282 3795 maiori
1294 3706 1427 3804 'angulo

320 3801 455 3904 opponi
483 3804 576 3890 latus
604 3802 750 3895 maim,-
768 3807 805 3879 δε
825 3804 998 3897 vicissim,
1023 3804 1060 3894 in
1080 3802 1205 3900 eodem
1226 3805 1428 3905 triangulot

323 3904 362 3976 Si
384 3905 471 3984 vero
491 3903 586 3978 ratio
600 3905 758 3978 constans
779 3905 937 3979 inveniri
957 3901 1091 4006 posset,
1118 3906 1319 3992 ..uberrimus
1345 3906 1429 3982 hinc

318 4002 458 4090 {rudius
483 4003 689 4099 oriebatur;
717 4006 779 4108 qui
800 4005 954 4090 enimin
975 4032 1046 4079 uno
1066 4006 1249 4107 triangulo
1268 4007 1432 4110 supputa·

323 4102 430 4178 batur
460 4106 638 4197 calculus,
666 4105 761 4192 idem
791 4104 907 4205 aptari
937 4127 1077 4206 poterat
1101 4108 1248 4211 reliquis
1266 4110 1431 4203 omnibns

319 4200 407 4280 huic
425 4204 615 4282 similibus.
650 4209 770 4298 Qrare
791 4205 859 4281 huc
880 4207 1024 4294 tandem
1043 4208 1188 4310 q'uaestio
1206 4208 1322 4381 onznig
1342 4207 1432 4320 reci·

454 4344 457 4351 ·
1279 4335 1296 4383 e
1323 4332 1382 4382 at:
