3500 5234
787 809 989 877 ints
1035 810 1095 876 ΙΙ.

699 989 843 1080 Analyfit
865 992 1030 1083 Triangult'
1046 989 1209 1060 reiiilinei.

405 1180 510 1251 Theor.
522 1179 547 1245 Ι.
559 1173 632 1333 ΙΝ
658 1175 747 1242 omni
764 1173 926 1263 triangulo
941 1174 1124 1262 reiitnguio
1137 1175 1219 1243 finus
1240 1193 1328 1243 totus
1347 1175 1392 1244 est
1413 1178 1453 1245 ad
1472 1175 1508 1247 st-

619 1289 696 1333 num
706 1266 1035 1341 alterutriusduorum
1046 1265 1234 1355 angulorum
1245 1288 1440 1353 acutorum,
1457 1274 1506 1341 uti

450 1358 646 1448 hypotenusa
664 1358 705 1426 est
725 1360 763 1424 ad
787 1358 869 1433 latur
884 1359 986 1428 eidem
1001 1357 1117 1447 angulo
1131 1358 1325 1446 oppofitum.
1349 1386 1434 1428 num.
1451 1385 1506 1453 75.

405 1458 513 1524 Coroll.
538 1451 625 1519 Hinc
654 1451 892 1536 permutando,
925 1451 959 1519 δι
988 1452 1201 1533 invertendo,
1234 1449 1410 1520 eliciuntur
1436 1454 1522 1523 duae-

450 1543 577 1630 reliquae
598 1541 770 1631 analogiae,
794 1544 920 1629 quoties
939 1542 1137 1630 hypotenusa
1156 1542 1190 1609 in
1218 1544 1420 1630 quaeiiionem
1451 1569 1507 1613 ca-

448 1635 516 1703 dit.
1472 1642 1502 1704 6.

402 1730 512 1797 Coroll.
537 1725 688 1813 Cognitis
714 1722 838 1813 angulis
868 1726 901 1791 in
927 1723 1088 1816 triangulo
1108 1723 1312 1813 restangulo,
1335 1660 1504 1796 etiamia-

450 1838 553 1885 terum
569 1815 731 1905 proportio
749 1816 971 1905 cognoscitur.
1071 1867 1073 1871 .
1490 1869 1499 1887 .

405 1911 513 1980 Theon
533 1913 577 1979 ΙΙ.
596 1909 735 1977 inomni
755 1908 917 1996 triangulo
934 1908 1116 1998 reeianguio
1129 1908 1211 1976 finus
1228 1928 1316 1978 totus
1328 1910 1414 1978 estad
1427 1933 1502 1980 tan-

449 2019 578 2090 gentem
598 2001 712 2083 unins,
734 2019 790 2067 aut
809 1999 940 2069 alterins
959 2003 1092 2069 duorum
1113 1998 1304 2089 angulorum
1320 2009 1501 2086 acutorum,

451 2093 502 2161 uti
520 2092 602 2160 latus
620 2092 765 2174 adjacens
784 2091 858 2160 huic
872 2092 1011 2183 angulo,
1034 2094 1076 2161 est
1096 2091 1237 2170 adlatus
1256 2093 1434 2181 oppolitum
1455 2097 1500 2164 ei-

449 2183 522 2251 dem
540 2183 675 2272 anguio.
1171 2228 1176 2238 ι
1445 2191 1501 2273 78.

405 2277 513 2344 Coroll.
539 2276 627 2344 Hinc
653 2275 778 2362 quoties
805 2274 1003 2361 hypotenusa
1030 2275 1062 2341 in
1085 2275 1288 2362 quaestionem
1308 2298 1374 2345 non
1394 2280 1500 2363 cadit,

450 2366 517 2433 duae
539 2364 691 2453 analogiae
710 2365 814 2433 locum
831 2366 968 2433 habent.
1492 2417 1500 2435 .

407 2457 512 2527 Theon
532 2461 595 2526 ΙΙΙ.
618 2458 654 2523 In
674 2457 763 2524 omni
783 2455 944 2544 triangulo
963 2455 1146 2546 reiiangulo
1166 2458 1271 2525 radius
1288 2458 1329 2526 est
1344 2459 1382 2526 ad
1397 2461 1502 2528 secan·

452 2567 518 2616 tem
535 2548 718 2616 alterutrius
737 2547 846 2636 anguli
865 2550 972 2631 acuti,
988 2549 1036 2616 uti
1051 2548 1133 2616 latus
1147 2548 1293 2630 adjacens
1310 2548 1385 2618 huic
1402 2575 1502 2641 angu-

449 2638 505 2722 lo,
524 2640 566 2707 est
585 2640 622 2706 ad
641 2638 890 2726 hypotenusam.
1282 2649 1285 2660 '
1448 2648 1501 2715 80.

405 2734 514 2800 Caroli.
538 2732 620 2798 Tres
639 2729 808 2817 analogiae.
1445 2738 1500 2801 81.

403 2824 514 2891 Coroll.
538 2820 654 2889 Eadem
688 2819 885 2909 hypotenusa
919 2820 1024 2890 secans
1053 2820 1095 2891 esi
1127 2820 1280 2893 utriusvis
1309 2820 1502 2913 angulorum

450 2932 638 2982 acutorum.
1448 2921 1502 2986 82.

404 3004 658 3076 carolomanus
685 3001 767 3073 alter
794 3002 981 3075 inveniendi
1019 3003 1153 3075 laterum
1189 3006 1430 3096 proportionem
1464 3032 1504 3078 ex

448 3094 573 3183 angulis
586 3094 743 3183 cognitis.
1410 3147 1412 3152 .
1449 3105 1503 3189 83.

403 3190 510 3259 Theoi.
534 3190 585 3256 IV.
600 3188 637 3254 In
656 3186 800 3273 quolibet
816 3186 979 3275 triangulo
997 3187 1163 3257 reiiiiineo
1179 3188 1278 3260 latera
1292 3191 1437 3259 eamdem
1456 3194 1507 3258 in·

449 3299 499 3349 ter
514 3279 544 3347 se
560 3281 716 3347 rationem
732 3277 870 3363 habent,
888 3302 983 3367 quant
996 3278 1078 3348 finus
1093 3281 1282 3370 angulorum
1298 3282 1367 3369 ipfis
1382 3283 1505 3372 oppost-

449 3390 574 3439 torum.
1051 3432 1054 3437 .
1452 3379 1470 3441 8
1496 3422 1504 3438 .

403 3464 511 3531 Coroll.
538 3465 575 3530 In
601 3461 745 3550 quolibet
774 3461 937 3551 triangulo
966 3464 1190 3551 proportiones
1215 3462 1352 3535 laterum
1379 3396 1502 3536 habeti·

366 3634 367 3637 ¹
450 3572 523 3638 tur,
544 3554 567 3623 st
586 3553 738 3624 lateribus
755 3550 837 3624 finus
857 3553 1048 3647 angulorum
1077 3555 1290 3647 oppositorum
1311 3556 1507 3629 adscribens

449 3663 521 3713 tut.
1451 3653 1504 3716 8.

403 3739 515 3809 Coroll.
540 3737 633 3806 Datis
657 3736 781 3827 angulis
807 3739 995 3827 magnitudo
1027 3736 1170 3807 absoluta
1204 3739 1340 3812 laterum
1374 3672 1505 3809 docenii

449 3851 512 3893 non
534 3830 650 3914 potest,
677 3831 731 3897 nist
752 3830 890 3917 ipsorum
913 3853 1011 3898 unum
1034 3830 1232 3900 innotescat.
1452 3836 1505 3902 86.

404 3922 513 3990 Coroll.
539 3920 626 3986 Hinc
646 3921 678 3987 in
707 3923 795 3989 omni
825 3922 989 4012 triangulo
1015 3921 1230 4011 neomagum,
1254 3924 1288 3993 &
1318 3923 1503 4019 restanguio

448 4012 516 4079 duae
536 4010 655 4096 semper
673 4012 824 4101 analogiae
848 4012 954 4082 locum
984 4012 1124 4095 habent3
1148 4016 1181 4079 in
1207 4014 1421 4103 obtusangulo
1445 4039 1504 4084 au·

448 4122 515 4261 repr
553 4100 782 4173 substituendus
818 4105 880 4176 erit
918 4104 1000 4178 finus
1044 4104 1253 4196 supplementi
1288 4106 1402 4197 anguli
1444 4107 1503 4176 ob-

446 4213 527 4262 tut.
830 4247 832 4253 .
1447 4201 1467 4263 8
1495 4246 1504 4267 .

403 4288 508 4361 Theon
524 4288 558 4357 V.
574 4285 613 4355 In
630 4285 719 4357 omni
734 4283 896 4376 triangulo
910 4287 1143 4380 obtusangulo,
1157 4288 1238 4359 finus
1254 4288 1370 4374 unius,
1387 4307 1444 4392 apt
1459 4221 1507 4358 371-

1357 4400 1459 4451 tenus
