3500 5234
460 759 511 833 50
685 734 966 806 Tritonis.
1008 735 1169 806 Puris
1205 728 1235 804 i.

407 831 557 912 minoris
576 831 750 907 momenti
770 831 864 922 erit,
883 833 956 934 qub
974 830 1087 922 major
1106 830 1217 906 suerit
1238 854 1406 905 numerus
1422 829 1507 923 ille,
1550 857 1553 895 ι

407 961 518 1038 equo
539 933 644 1006 radix
665 930 792 1005 edusia
821 932 911 1006 fuit.
963 931 1143 1033 Exemplo
1172 929 1239 1003 sint
1268 931 1338 1004 duo
1367 933 1507 1005 numeri
1551 962 1553 984 ι

406 1058 478 1111 nnn
489 1032 680 1137 quadrati,
700 1031 761 1135 qui
781 1032 934 1105 multum
954 1032 1049 1107 inter
1065 1034 1097 1105 se
1113 1030 1305 1121 differant,
1324 1028 1508 1123 nimirum,

408 1159 535 1229 u0150
561 1133 600 1207 ἃ
626 1157 703 1223 22,
730 1131 899 1233 aquibus
923 1131 1079 1206 radicem
1105 1131 1315 1233 quadratam
1343 1150 1509 1232 oporteat

406 1234 619 1310 extrahere.
645 1231 766 1305 Radix
811 1231 959 1306 uadrata
980 1231 1085 1331 primi
1106 1231 1313 1304 invenietur
1333 1228 1399 1304 else
1424 1252 1509 1322 100,

375 1417 377 1421 ,
406 1336 445 1409 &
460 1333 629 1426 secundi,
645 1354 693 1426 43
719 1257 923 1405 sediiarum
943 1353 1069 1407 neutra
1090 1328 1216 1405 exodia
1237 1330 1308 1423 ell3
1330 1329 1509 1433 utriusque

406 1462 429 1509 a
460 1433 577 1509 radice
608 1458 693 1507 vera
719 1431 925 1532 impossibili
954 1431 1110 1507 defessus
1140 1431 1259 1504 minor
1278 1428 1326 1503 ull
1347 1429 1507 1504 unitate.

404 1535 552 1610 Constat
581 1554 703 1607 autem
730 1529 909 1605 desesium
940 1555 955 1604 1
979 1531 1094 1607 multb
1114 1531 1290 1606 minorem
1309 1530 1375 1605 else
1396 1529 1511 1631 respe-

404 1634 467 1711 ἑὶιι
490 1656 588 1727 100,
613 1658 720 1735 quani
739 1630 898 1731 respesiu
916 1653 966 1724 43
992 1657 1074 1710 nani
1097 1654 1113 1704 1
1136 1630 1185 1707 est
1205 1630 1345 1705 tantilm
1360 1628 1508 1705 centesi-

403 1760 463 1810 ma
477 1759 563 1835 pars
583 1732 712 1832 radicis
736 1753 832 1825 1003
852 1752 888 1807 at
909 1732 997 1808 verb
1020 1755 1036 1806 1
1061 1729 1109 1806 ell
1128 1752 1257 1834 quarta
1277 1755 1358 1831 pars
1379 1728 1509 1805 radicis

402 1858 451 1931 4.
470 1832 584 1909 Unde
613 1834 677 1925 fit,
703 1853 742 1908 iit
771 1832 843 1935 qub
873 1830 986 1921 major
1011 1832 1060 1906 est
1079 1856 1245 1905 numerus
1265 1855 1336 1904 non
1357 1830 1511 1933 quadra·

403 1959 486 2025 tus,
511 1961 559 2008 ex
577 1960 649 2035 quo
673 1931 778 2008 radix
798 1931 976 2006 elicienda
996 1930 1067 2025 est,
1095 1931 1139 2005 eb
1160 1930 1308 2004 minoris
1333 1929 1510 2005 momenti

404 2034 446 2108 sit
467 2032 622 2106 excelsus
641 2031 766 2132 ipsius,
791 2053 853 2106 aut
873 2029 1032 2106 defectus
1049 2058 1069 2105 a
1088 2030 1207 2105 radice
1237 2055 1321 2103 vera
1351 2028 1509 2130 impossi-

404 2132 495 2224 bili;
523 2130 566 2204 ad
585 2156 692 2233 quam
712 2131 783 2206 hacc
803 2132 983 2205 aberratio
998 2132 1267 2232 proportionem
1295 2129 1424 2203 habeat
1453 2127 1508 2202 in·
1551 2217 1552 2220 Ἴ

404 2230 599 2305 sensibilem
621 2230 750 2307 neeesse
771 2226 872 2302 estin
893 2230 1061 2305 maximis
1081 2230 1260 2320 numeris,
1285 2228 1513 2333 proindeque·
1551 2233 1552 2307 Q

404 2331 511 2423 tutb,
539 2329 576 2404 ὃς
603 2328 729 2443 absque
749 2326 900 2431 sensibili
920 2355 1039 2403 errore
1060 2330 1283 2430 negligatur.

496 2433 609 2512 ,Hanc
638 2429 751 2529 igitur
778 2428 824 2503 ob
852 2429 989 2503 causam
1017 2450 1138 2505 tantus
1165 2453 1331 2504 numerus
1350 2428 1509 2531 partium

405 2529 495 2607 finus
525 2530 637 2609 totius
665 2528 786 2608 assumi
806 2527 938 2624 debet,
964 2548 1073 2633 puta,
1103 2552 1334 2627 10000000,
1364 2530 1423 2607 vel
1443 2529 1509 2604 sal·

405 2652 479 2707 teni
503 2654 678 2707 iooooo.

501 2732 672 2807 Alterum
691 2751 796 2833 caput
815 2757 977 2808 errorum
996 2730 1231 2833 complurium
1252 2757 1298 2806 ex
1325 2757 1369 2806 eo
1396 2730 1509 2836 sequi·

405 2851 489 2924 tur,
517 2830 613 2934 qubd
641 2834 816 2936 pleraque
842 2832 981 2907 chorda
1001 2859 1170 2925 arcuum,
1196 2832 1234 2909 dc
1253 2832 1509 2935 consequenter

402 2930 602 3032 complures
622 2927 735 3022 sinus,
763 2953 972 3031 tangentes,
995 2933 1032 3010 δε
1056 2934 1234 3024 secantes,
1265 2957 1327 3033 per
1347 2933 1507 3031 regulam

401 3028 645 3133 proportionis
663 3030 888 3106 deducuntur
907 3058 953 3107 ex
969 3033 1049 3110 aliis
1069 3032 1139 3124 jam
1161 3032 1287 3123 notis,
1313 3031 1351 3104 ἃ
1379 3032 1516 3105 invem

404 3131 451 3205 tis
471 3156 535 3231 per
553 3130 815 3206 extrablioneni
836 3131 987 3206 radicis.
1012 3132 1223 3223 Huiusmodi
1243 3152 1363 3208 autem
1392 3132 1509 3206 ealcnss

402 3230 457 3305 lus
476 3230 665 3305 contrahit
687 3231 818 3309 necesse
839 3228 888 3305 est
909 3229 1001 3306 vitia
1022 3257 1145 3307 eorum
1162 3230 1320 3323 sinuum,
1347 3231 1508 3332 equibus

400 3328 610 3408 derivatur:
641 3331 733 3405 unde
755 3333 820 3424 fit,
852 3352 892 3408 ut
914 3357 1037 3425 error,
1063 3330 1125 3435 qui
1145 3329 1182 3405 in
1203 3330 1278 3407 sinu
1297 3330 1507 3418 immediati

404 3430 556 3504 invento
576 3429 722 3531 simplex
743 3453 843 3522 erat,
870 3432 907 3507 in
928 3431 1079 3510 secundo
1097 3430 1193 3535 quasi
1211 3429 1439 3533 duplicetur,
1470 3430 1509 3504 in

404 3528 517 3604 tertio
527 3529 754 3632 triplicetur,
774 3530 810 3605 8<
831 3530 875 3605 sic
896 3530 1082 3632 deinceps.
1103 3532 1224 3605 Habet
1244 3552 1415 3631 praterea
1436 3527 1523 3622 haef

402 3627 614 3730 supputandi
645 3630 742 3704 ratio
770 3656 929 3706 errorem
958 3631 1020 3705 sibi
1074 3629 1257 3801 ripprium,
1285 3628 1407 3731 qubd,
1428 3627 1516 3704 cilm'

402 3728 526 3827 regula
546 3729 786 3829 proportionis
805 3752 1017 3824 exercetur,
1045 3658 1097 3802 iia
1138 3728 1240 3802 inex
1258 3726 1433 3803 divisione
1453 3753 1526 3805 re«.

402 3827 499 3902 sidua
520 3827 745 3928 negligatur.
814 3907 818 3915 k
1378 3876 1380 3880 <

502 3929 560 4000 Ex
577 3925 631 4002 his
647 3928 804 4005 sontibus
820 3931 894 4005 sere·
908 3929 1075 4005 oriuntur
1090 3927 1249 4020 sinuum,
1266 3925 1522 4025 tangentium,¹

402 4028 597 4103 secantium
616 4023 774 4104 dercilus
794 4028 913 4122 varii,
940 4028 1027 4133 qui,
1057 4026 1220 4117 siradius
1239 4034 1399 4101 maximo
1425 4054 1509 4132 par·

401 4127 494 4221 tium
514 4152 671 4208 ‚numero
700 4127 833 4227 divisus
852 4127 1068 4222 assumatur,
1093 4128 1356 4234 quodammodo
1378 4154 1511 4204 evane-

400 4227 523 4321 scunt,
544 4226 582 4303 δε
602 4225 702 4308 simul
717 4221 831 4321 juniii
848 4253 1008 4323 errorem
1024 4228 1089 4306 vix
1105 4227 1301 4306 sensibilem
1313 4226 1508 4325 inducunt3

1385 4352 1458 4431 qua
