3500 5234
552 711 603 763 ut
629 692 895 762 Tntnunuus
921 712 1166 766 srunurcrs.
1284 717 1360 791 337

416 792 594 889 Deinceps
614 787 821 862 invenietur
840 785 1058 885 segmentum
1076 794 1229 867 alterum
1248 796 1329 866 CD
1348 821 1417 895 per

319 892 519 991 analogiam
541 917 575 961 n.
598 911 686 985 392.

317 995 481 1089 Tangeris
499 988 617 1083 angerii
636 991 667 1058 C
686 987 735 1087 est
753 986 798 1059 ad
816 1007 1007 1082 tangentem
1025 990 1143 1086 anguli
1160 996 1211 1088 B3

319 1091 385 1162 Uri
395 1091 491 1192 finus
501 1091 670 1187 segmenti
687 1090 762 1157 BD
779 1088 828 1188 est
846 1087 891 1159 ad
902 1085 1014 1187 finum
1024 1088 1191 1187 segmenti
1216 1097 1248 1165 C
1260 1098 1319 1191 D3

317 1192 417 1279 cujus
442 1189 569 1289 species
596 1185 708 1287 potest
733 1212 803 1259 non
824 1185 890 1259 effe
912 1186 1150 1262 determinata
1169 1214 1189 1263 a
1209 1193 1321 1269 tribus
1340 1220 1417 1297 par·

319 1290 416 1363 tibus
441 1286 614 1387 cognitis.
659 1375 663 1382 Ι

420 1390 568 1490 ltaque,
588 1386 611 1458 fi
631 1385 778 1485 angulus
796 1389 824 1457 B
841 1385 882 1460 srt
899 1409 1044 1479 acutus,
1065 1408 1104 1461 ut
1121 1386 1159 1460 in
1174 1385 1314 1486 Figuris
1333 1419 1417 1491 prae·

318 1487 550 1580 cedentibus,
576 1488 670 1560 latus
689 1489 759 1559 BC
779 1484 850 1561 erit
869 1486 1023 1579 summa,
1050 1488 1109 1561 vel
1128 1486 1330 1560 differentia
1346 1494 1418 1592 seg·

318 1610 521 1676 mentorum
555 1590 632 1659 BD
660 1586 697 1658 &
726 1589 830 1677 CD,
858 1609 964 1687 prout
992 1613 1091 1661 arcus
1119 1585 1417 1688 perpendicularis

318 1691 403 1762 AD
420 1686 522 1763 cadet
542 1685 661 1777 intra,
687 1686 746 1759 vel
766 1708 871 1759 extra
891 1688 1108 1789 triangulum
1136 1689 1270 1759 ΑΒΕ.

419 1787 458 1860 si
488 1787 635 1886 angulus
652 1789 682 1858 B
701 1784 742 1858 fit
763 1784 927 1878 obtusus,
955 1787 1047 1862 latus
1065 1789 1136 1859 BC
1155 1785 1225 1859 erit
1252 1784 1419 1859 differen-

339 1882 349 1900 ⁰
398 1887 603 1961 eorumdem
628 1887 888 1982 segmentorum
907 1890 982 1958 BD
1001 1887 1038 1960 δε
1057 1889 1159 1977 CD,
1184 1884 1254 1959 five
1283 1885 1419 1986 supple·

320 2007 481 2061 mentum
507 1986 631 2060 horum
657 2008 801 2055 arcuum
821 1982 865 2055 ad
888 1986 963 2081 360
979 1986 1128 2083 gradus,
1153 2007 1258 2085 prout
1274 1986 1420 2084 angulus

321 2088 355 2158 C
374 2087 445 2162 erit
462 2109 613 2179 acutus,
633 2084 693 2158 vel
713 2080 855 2158 obtusus
873 2087 1077 2184 (n.410.).

381 1863 388 1878 Γ

642 3292 997 3365 Pnostnnn
1044 3290 1091 3362 W

317 3484 410 3578 426.
517 3491 655 3583 Ogniris
673 3489 781 3561 tribur
800 3489 962 3563 lateribus
980 3487 1146 3586 trianguli
1160 3483 1344 3587 spbaeriri,
1369 3491 1422 3562 in·

543 3591 660 3660 venire
679 3589 837 3683 angulos.

421 3689 537 3779 Hujus
556 3685 780 3761 resolutionis
800 3687 987 3763 methodus
1006 3686 1135 3789 pendet
1156 3713 1176 3760 a
1197 3713 1233 3759 n.
1252 3709 1344 3781 400.

419 3789 449 3860 1.
474 3791 639 3862 Duorum
659 3787 812 3862 laterum
833 3789 953 3885 auguli
973 3785 1108 3889 quaefiti
1127 3785 1324 3886 accipiatur
1349 3786 1421 3861 dif-

320 3884 498 3981 ferentia,
536 3886 605 3960 five
645 3886 799 3962 exceffus
827 3886 970 3976 maioris
999 3885 1122 3960 lateris
1150 3887 1251 3985 supra
1281 3886 1421 3961 minus:

319 3983 381 4057 hic
410 3989 564 4063 excelsus
592 3983 781 4077 adjiciatur
810 3986 880 4061 basi
911 3985 1062 4080 ejusdem
1082 3986 1226 4087 anguli3
1252 3985 1424 4061 sumatur·

319 4110 389 4187 que
410 4086 649 4161 semisumma.

421 4187 470 4260 11.
495 4186 567 4261 Hic
586 4187 681 4263 idem
700 4187 857 4265 excessus
877 4186 1089 4274 subducatur
1108 4188 1153 4263 ab
1174 4185 1299 4263 eadem
1329 4183 1423 4280 bafi3

419 4287 468 4360 T.
495 4290 568 4361 III.
864 4290 894 4361 Y
1022 4354 1026 4360 .
1263 4286 1375 4360 sunta·
