3500 5234
451 787 486 949 1
559 786 817 948 Nn
883 786 950 948 n
1021 782 1156 946 X.

263 1112 266 1123 ·
404 1064 574 1147 Ecellitas,
606 1064 640 1133 &
664 1063 757 1153 origo
781 1063 1076 1154 Trigonometriae.
1214 1091 1296 1134 aum.
1324 1090 1352 1135 t.

246 1072 401 1351 N
428 1159 512 1224 Usus
531 1156 618 1226 scalae
637 1158 841 1246 geometricae
862 1158 1004 1225 incertus
1025 1159 1059 1222 in
1080 1156 1230 1226 maximis
1251 1161 1355 1225 inrer-

453 1249 569 1318 vallia.
1278 1251 1353 1318 ibid.

430 1341 557 1408 Varia
549 1359 635 1409 inter
658 1340 687 1408 se
707 1339 824 1409 collata
842 1340 1081 1410 Theoremata
1210 1364 1241 1408 2
1268 1365 1298 1429 3.
1321 1363 1355 1424 4.

243 1433 520 1520 Trigonometrrae
540 1458 634 1522 ongo
653 1433 861 1500 adumbrata
1269 1454 1299 1521 5.
1324 1437 1355 1497 6.

244 1526 513 1628 Trigonometria
527 1527 604 1617 quid
619 1526 677 1613 s1t3
701 1525 830 1615 ejusque
846 1524 981 1615 partitio
995 1523 1029 1592 in
1045 1523 1195 1665 planam,
1211 1523 1360 1613 &sphae-

263 1620 409 1685 ticam.
1324 1636 1356 1701 7.

671 1802 926 1869 eaas1.
1043 1835 1067 1890 s

444 1986 496 2056 De
510 1983 752 2075 Trigonometria
768 1986 887 2075 plane,
905 1978 961 2069 seu
981 1983 1154 2053 relliliaea.

602 2168 999 2238 Duarutrrouas.

338 2350 406 2418 Uid
425 2351 484 2419 fint
506 2354 621 2436 Sinus,
635 2353 843 2441 Tangentes,
858 2352 1007 2421 Secantes
1019 2350 1081 2419 &u
1107 2354 1137 2417 8.
1149 2350 1293 2439 usquead
1305 2368 1357 2439 ι’5.

363 2445 535 2529 Quomodo
555 2446 602 2512 hae
624 2444 716 2511 lineae
736 2446 767 2510 in
786 2444 909 2512 circulo
932 2444 1153 2525 consideratae,
1186 2443 1359 2508 traducan-

264 2587 266 2592 .
293 2553 347 2601 tur
361 2535 398 2602 ad
420 2534 519 2604 latera
539 2534 692 2623 trianguli
713 2533 1281 2624 erilanguli.16;usquead
1303 2553 1357 2615 24.

247 2626 426 2693 lconilmus
449 2633 596 2696 omnium
617 2627 810 2696 notionum
894 2663 896 2667 ’
1305 2644 1357 2713 25.

245 2717 362 2784 latera
381 2717 521 2793 cujusvis
542 2716 694 2804 trianguli
714 2718 920 2808 acutanguli,
945 2718 979 2787 ἃ
998 2714 1224 2807 obtulanguli,
1250 2716 1288 2782 ad
1309 2738 1361 2780 ar-

259 2830 347 2874 cus
367 2805 479 2873 circuli
502 2808 682 2875 conllanter
701 2810 904 2878 referuntur.
1305 2810 1357 2875 26.

246 2897 394 2966 Cuilibet
414 2898 522 2981 arcui,
547 2917 603 2965 aut
624 2900 741 2985 angulo
761 2899 832 2965 suus
854 2900 1020 2985 respondet
1039 2893 1122 2968 snus
1142 2900 1205 2969 &c
1303 2922 1357 2984 27.
1365 2926 1367 2931 ·

246 2990 401 3058 Invenire
420 2990 521 3079 finus,
547 3009 734 3082 tangentes,
760 2990 793 3057 &
815 2989 955 3059 secantes
975 2989 1092 3118 anguli
1106 2991 1303 3075 cujuslibet,
1323 2991 1357 3057 &

263 3104 430 3149 ·.·arcus
1112 3108 1114 3132 2
1307 3082 1359 3147 28.

247 3174 286 3238 In
316 3172 433 3241 tabulis
462 3198 527 3241 non
557 3173 727 3243 exhibetur
756 3171 945 3266 magnitudo
969 3170 1115 3241 absoluta
1137 3170 1283 3256 sinuum,
1308 3170 1360 3237 sed

295 3268 423 3333 tantum
445 3260 640 3351 relpelliva.
821 3293 823 3298 ·
1306 3284 1358 3346 29.

246 3355 364 3471 Canon
384 3357 689 3445 Trigonometricus
710 3358 859 3427 linearis.
1228 3376 1281 3443 31.
1306 3376 1359 3442 34.

546 3497 597 3566 De
616 3493 824 3583 construliione
843 3496 1052 3565 Tabularum.

248 3630 375 3699 Divino
395 3630 623 3701 semidiametri
644 3633 683 3701 ab
702 3632 844 3720 antiquis
862 3634 1065 3703 Adronomis
1083 3631 1231 3702 intesta.
1306 3633 1370 3720 36.-

248 3723 465 3792 Commodtor
483 3725 715 3793 Recentrorum
736 3725 870 3792 divisio
1129 3765 1132 3772 ·
1226 3727 1280 3811 38.
1306 3745 1359 3811 39.

248 3816 359 3883 Theor.
386 3818 422 3883 ln
448 3814 576 3883 circulis
601 3816 830 3907 inaequalibus,
854 3816 957 3899 linus,
981 3833 1172 3906 tangentes,
1195 3816 1229 3885 &
1255 3815 1359 3883 secan·

297 3924 345 3975 tes
360 3931 489 3976 arcuum
510 3907 680 3993 fimilium‚
705 3908 848 3979 eamdent
869 3907 988 3978 habent
1009 3910 1167 3979 rationem
1187 3908 1226 3976 ad
1256 3906 1360 3975 radios

297 3997 425 4068 suorum
450 4000 672 4069 circulorum.
1306 4018 1361 4082 40

247 4090 357 4159 Theor.
382 4091 414 4157 Si
438 4093 688 4178 quadrilaterum
719 4092 839 4161 circulo
856 4093 892 4161 lit
909 4092 1119 4181 inscriptum,
1142 4094 1260 4163 salium
1282 4089 1361 4156 dua·

297 4204 368 4368 rugi
388 4181 605 4269 diagonalium
626 4206 769 4273 aquator
784 4185 913 4255 lumtnae
931 4186 1111 4274 fastorum,
1140 4185 1277 4255 laterum
1305 4205 1362 4267 op-

298 4292 493 4363 postorum

1217 4366 1318 4439 Probl.
1331 4296 1362 4340 ⁸
