3500 5234
372 752 419 803 10

317 873 344 920 ‚5
396 831 471 899 -Ut
498 845 621 915 autent
646 824 801 900 Tirones
827 825 953 899 rudem
978 825 1128 916 salntem,
1165 823 1436 899 &inchoatam

319 928 446 1003 idaeam
473 926 632 1015 afferant.
654 952 801 1018 eorum,
829 949 909 1028 quae
935 924 1095 1026 pluribus
1122 946 1226 999 erunt
1255 951 1438 1024 exponen·

318 1031 391 1121 da,
420 1025 621 1118 breviffime
644 1051 718 1102 rem
741 1026 783 1099 fic
805 1026 971 1127 explico.
1018 1024 1351 1110 Demonstravimus
1373 1052 1436 1099 nu·

318 1157 383 1233 per
410 1129 532 1207 latera
555 1125 727 1226 trianguli
755 1125 819 1215 effe
841 1127 938 1213 inter
959 1127 1015 1218 se,
1042 1126 1095 1200 uti
1118 1126 1265 1202 semiffes
1284 1124 1434 1199 chorda·

318 1255 400 1314 rum
419 1228 613 1331 duplorum,
629 1227 864 1326 angulorum,
893 1228 956 1331 qui
981 1226 1111 1304 eisdem
1131 1228 1304 1302 lateribus
1323 1239 1434 1327 oppo-

200 1411 203 1418 ,
319 1352 475 1418 nuntur,
517 1328 643 1430 itaque
674 1350 699 1401 n
723 1350 848 1409 centro
880 1329 976 1417 Oin
996 1330 1091 1402 latus
1121 1332 1198 1400 AC
1217 1326 1433 1407 demittatur

345 1429 622 1531 erpendicuiaris
642 1433 712 1521 Qs
725 1432 785 1523 D3
814 1428 1036 1531 duceturque
1057 1428 1177 1510 radius
1199 1433 1300 1519 ΟΩ.

317 1460 350 1605 i.
376 1531 520 1605 Chotda
541 1534 625 1618 AC
640 1526 688 1603 est
709 1529 874 1618 bifariam
896 1528 988 1604 seiia
1008 1528 1199 1629 inpuneio
1218 1534 1266 1623 83

317 1632 367 1725 II.
393 1638 510 1721 Arcus⁴
523 1634 558 1703 Α
570 1633 649 1712 DC
666 1629 714 1703 est
731 1628 866 1731 pariter
884 1628 1170 1717 bifariamseiius
1181 1630 1217 1709 in
1228 1630 1432 1730 puneioD3

318 1732 387 1806 ΙΙΙ.
414 1733 578 1832 Angulus
597 1732 726 1819 (ΞΩ-Ι)
746 1736 908 1833 aequatur
927 1732 1059 1829 angulo
1074 1735 1102 1804 Β
1118 1730 1162 1804 ad
1179 1730 1432 1806 circumferen-

318 1832 428 1918 tiam.
473 1837 564 1925 Quae
581 1829 706 1923 vot'nnia
727 1830 887 1917 constant
909 1857 955 1906 er
975 1830 1197 1912 Elementis.

319 2001 332 2008 ..
415 1932 559 2024 Vocant
570 1954 692 2019 autem
703 1933 1431 2034 GeometraeSinumangrli‚puta‚COD,

317 2032 452 2118 reeiam
471 2031 803 2131 perpendicularem
822 2036 895 2107 CS·
910 2033 1089 2108 demiffam
1120 2035 1164 2108 ab
1195 2032 1430 2107 extremitate

318 2135 364 2218 Ci
383 2156 482 2208 arcus
511 2132 615 2223 CD,
638 2130 703 2233 qui
732 2131 896 2206 eumdem
926 2136 1095 2233 angulum
1116 2136 1290 2224 metitur,
1317 2134 1354 2206 in
1374 2158 1432 2205 ra·

319 2229 419 2306 dium
439 2233 546 2324 OD,
575 2231 639 2333 qui
666 2229 790 2305 tranfit
816 2254 885 2328 per
912 2237 1185 2316 extremitatem
1206 2236 1364 2321 ‘alteram
1393 2235 1433 2303 D

319 2326 473 2423 ejusdem
502 2356 624 2406 arcus.
676 2332 946 2424 Quamobrem,
972 2333 1052 2413 etim
1072 2336 1221 2432 angulus
1240 2336 1369 2418 COD
1388 2331 1431 2408 stt

319 2432 463 2535 aequalis
488 2433 620 2531 angulo
648 2435 697 2524 Β,
724 2430 794 2506 erit
823 2432 1125 2533 perpendicularis
1149 2439 1216 2507 CS
1236 2433 1371 2534 pariter
1391 2432 1432 2505 st·

319 2558 384 2623 nus
413 2534 535 2633 unguii
561 2536 612 2608 Β.
662 2531 724 2606 Est
753 2554 874 2608 autem
905 2534 1140 2612 CSsentiffis
1169 2534 1308 2608 chordae
1325 2537 1432 2625 CA,

318 2630 419 2733 dupli
439 2634 561 2733 anguli
577 2640 629 2728 B3
648 2635 746 2733 Ergo
762 2630 868 2708 Sinus
884 2634 1003 2729 anguli
1019 2635 1109 2709 nibil
1123 2634 1171 2735 est
1187 2635 1307 2726 aliud,
1327 2635 1433 2732 quim

310 2732 457 2833 semifftr
476 2734 601 2814 cbardae
618 2734 718 2831 dupli
737 2735 887 2834 ejusdem
915 2737 1051 2832 anguli.
1099 2736 1432 2822 Demonstravimus

319 2857 441 2916 autem
461 2834 577 2909 latera
598 2834 771 2935 trianguli
792 2834 857 2909 effe
879 2834 976 2909 inter
995 2839 1050 2929 se,
1078 2838 1131 2913 uti
1154 2836 1301 2919 semisses
1327 2836 1431 2909 chor-

318 2932 445 3020 darum
474 2933 665 3033 duplorum
698 2936 935 3035 angulorum,
962 2937 1092 3013 eisdem
1121 2939 1294 3015 lateribus
1319 2964 1431 3037 oppo-

318 3032 489 3129 fitorunt3
515 3040 614 3135 Ergo
639 3038 768 3111 Latera
793 3037 961 3132 trianguli
971 3040 1058 3139 sunt
1077 3045 1167 3116 inter
1177 3040 1243 3140 se,
1270 3038 1322 3122 mi
1356 3065 1431 3111 anus

317 3135 513 3234 angulorum
529 3135 619 3236 bisce
634 3137 798 3211 lateribus
816 3136 1053 3237 oppoſstorum.
1089 3142 1205 3234 Hujus
1231 3141 1432 3217 theorema·

319 3235 367 3310 tis
388 3235 556 3320 inventio
576 3237 690 3312 facem
711 3238 869 3339 praetulit
890 3242 962 3310 Ta·

321 3336 413 3411 bulis
442 3336 607 3433 sinuum,
642 3364 728 3441 quas
755 3342 960 3419 Geometrae
1052 3333 1087 3405 Β

318 3432 518 3513 construere
538 3438 684 3537 aggreffi
711 3440 810 3513 sunt.
848 3502 852 3512 ,

418 3536 540 3610 Habes
561 3538 597 3610 in
618 3539 735 3638 primo
755 3539 880 3615 limine
897 3540 961 3615 h'u·

318 3635 371 3729 jus
382 3631 609 3712 traeiationis
620 3637 868 3718 adumbratam
879 3640 963 3720 Tri·
1386 3691 1388 3693 -

319 3736 552 3835 gonometriae
581 3740 760 3831 formam,
789 3766 866 3843 quae
897 3740 963 3812 Ti·

318 3864 446 3931 rones,
472 3837 620 3939 opinor,
651 3840 696 3911 ad
727 3839 827 3929 hujus
845 3839 960 3913 facul·
987 3789 1404 4044 Ave

319 3939 406 4012 tatis
441 3937 592 4013 studium
631 3938 811 4030 alacrius,
850 3938 961 4021 fiden-

319 4038 458 4142 tiusque
486 4036 741 4136 suscipiendum
770 4035 960 4122 incitabit.
1176 4061 1218 4137 D

319 4138 388 4213 Sed
410 4164 430 4212 a
447 4137 717 4213 definitionibus
731 4135 936 4221 ordiamur.

1037 4312 1100 4344 ⁸
1210 4283 1378 4411 ¹on-
