3500 5234
761 726 854 800 18
1202 719 2312 797 TsstcomPAnsL

1573 918 1920 996 Scholion.

652 1089 1272 1335 21ssQUoniam
1328 1140 1667 1218 tangens,
1716 1119 1813 1196 (95
1862 1119 2096 1193 secans
2135 1115 2453 1217 reciproce
2492 1118 2713 1197 altera
2751 1124 2851 1198 al·

1036 1243 1242 1294 teram
1273 1224 1591 1293 terminat
1610 1272 1635 1311 ‚
1664 1218 1821 1293 binc
1841 1220 2078 1315 palam
2108 1222 2358 1321 constat
2387 1221 2717 1316 angulum.
2748 1250 2851 1297 re·

646 1330 821 1401 &um
843 1376 870 1416 ,
914 1320 1363 1421 angulosque,
1404 1341 1527 1394 aut
1565 1346 1757 1392 arcus
1795 1320 2073 1412 maiores
2090 1321 2420 1415 gradibus
2452 1344 2552 1417 90
2575 1374 2601 1414 ,
2642 1321 2847 1395 babe-

647 1451 723 1499 re
773 1447 899 1499 non
944 1418 1126 1521 poffe
1176 1444 1417 1519 neque.
1448 1440 1832 1513 tangentem
1852 1472 1878 1512 ,
1928 1447 2143 1519 neque
2160 1423 2504 1521 secantem
2525 1471 2547 1492 .
2632 1426 2846 1498 Ratio

647 1524 793 1627 estq
826 1526 998 1623 'quia
1018 1572 1044 1612 ‚
1073 1517 1142 1619 fi
1175 1518 1466 1616 angulus
1497 1523 1714 1593 reclus
1775 1540 1830 1592 tt
1851 1573 1875 1612 ‚
1899 1520 2141 1618 secans
2170 1526 2239 1592 A
2259 1525 2324 1594 C
2353 1522 2665 1595 coincidit
2694 1548 2847 1596 cum

645 1625 843 1699 radio
874 1623 998 1695 A-1
1018 1672 1047 1713 ,
1101 1647 1179 1694 ac
1198 1618 1481 1715 proinde
1509 1618 1716 1715 paral
1742 1618 1853 1694 ela
1888 1622 2126 1694 evadit
2162 1626 2472 1717 tangenti
2500 1624 2555 1693 B
2574 1625 2640 1693 C
2660 1673 2686 1713 ,
2724 1649 2842 1696 ne-

644 1751 787 1827 que
814 1723 1078 1823 uspiam
1116 1719 1230 1794 itti
1249 1719 1466 1819 potest
1502 1745 1828 1792 occurrere
1846 1746 1893 1806 ;
1946 1721 2288 1820 multoque
2323 1725 2540 1817 magis
2558 1774 2585 1814 ,
2609 1719 2677 1820 st
2717 1750 2842 1795 an·

631 1825 843 1921 gulus
864 1819 980 1924 fit·
1015 1819 1288 1920 obtusus
1302 1846 1351 1905 ;
1387 1840 1608 1915 puta,
1657 1819 1892 1894 radius
1944 1826 2013 1892 A
2036 1824 2111 1893 N
2161 1848 2505 1919 nunquam
2553 1842 2843 1896 occurret

639 1925 953 2020 tangenti
983 1925 1063 1993 ,Β
1080 1924 1215 2014 C,-
1241 1916 1507 2021 etiamst
1557 1940 1847 2019 utraque
1884 1924 1956 1993 in
1993 1919 2340 2019 infinitum
2369 1920 2779 2016 producatur
2794 1948 2843 2009 ,-

638 2029 811 2123 quin
841 2024 973 2095 imo
1003 2040 1290 2117 utraque
1315 2024 1388 2093 in
1419 2018 1765 2116 infinitum
1796 2020 2047 2095 recedet
2065 2073 2087 2094 .
2137 2024 2376 2095 Verum
2406 2021 2677 2121 quidem
2714 2022 2842 2122 est,

643 2122 825 2221 quo'd
850 2118 1188 2218 productis
1214 2118 1400 2191 radio
1429 2123 1502 2189 A
1519 2122 1590 2190 N
1629 2121 1867 2194 versus
1897 2126 1963 2193 A
1985 2173 2011 2213 ,
2042 2123 2138 2199 (9¹
2166 2142 2484 2217 tangente
2512 2125 2567 2193 B
2586 2124 2654 2194 C
2683 2147 2844 2194 ver-

643 2223 762 2296 sus
799 2225 854 2293 B
877 2271 903 2311 ,
958 2216 1337 2318 hujusmodi
1373 2216 1568 2290 lineae
1604 2218 1858 2292 alicubi
1891 2243 2266 2294 concurrent
2286 2274 2311 2313 ‚
2345 2220 2479 2323 sed
2510 2247 2635 2294 non
2682 2246 2847 2294 ver-

645 2322 764 2395 sus·
798 2345 944 2394 eam
967 2318 1247 2416 plagam
1266 2369 1292 2411 ,
1331 2316 1422 2391 ad
1449 2340 1652 2415 quam
1672 2316 2027 2411 producere
2052 2320 2314 2419 easdem
2343 2340 2592 2415 oportet
2610 2346 2657 2406 ;
2686 2346 2847 2394 nam

644 2422 1184 2517 Trigonometria
1229 2443 1355 2492 non
1402 2412 1765 2513 considerat
1799 2416 2015 2491 lineas
2032 2470 2058 2511 ‚
2110 2445 2261 2517 quae
2294 2439 2485 2494 extra
2520 2420 2848 2516 angulum

645 2510 937 2597 invicem
967 2536 1350 2594 concurrunt
1368 2567 1388 2589 .
1437 2521 1593 2591 Hac
1618 2517 1704 2591 de
1729 2510 1934 2617 causa
1952 2570 1978 2607 ‚
2016 2520 2254 2615 anguli
2290 2516 2499 2619 obtust
2518 2572 2544 2609 ‚
2582 2539 2704 2594 aut
2734 2546 2846 2597 ar-

643 2648 760 2695 cus
796 2622 1075 2716 majores
1101 2619 1430 2717 gradibus
1468 2640 1568 2715 90
1590 2668 1616 2708 ,
1667 2616 1884 2691 nullos
1905 2613 2046 2718 fibi
2069 2620 2427 2721 speciatim
2453 2616 2562 2719 fin
2573 2646 2651 2691 us
2689 2624 2844 2693 vin-

643 2722 876 2795 dicant
893 2747 940 2806 ;
986 2725 1238 2819 quippe
1285 2721 1407 2819 qui
1443 2739 1633 2791 extra
1671 2717 1989 2813 angulum
2022 2720 2330 2794 caderent
2347 2771 2374 2810 ‚
2423 2720 2843 2817 quemadmo-

646 2821 806 2895 dum
830 2817 1023 2923 smus
1058 2823 1133 2892 N
1156 2823 1229 2891 Ο
1264 2815 1556 2917 respectu
1595 2817 1833 2913 anguli
1864 2816 2078 2919 obtufi
2112 2824 2169 2892 B
2191 2825 2257 2891 A
2279 2823 2353 2892 N
2375 2869 2400 2892 .

847 2923 1022 2995 cum
1060 2939 1281 2992 autem
1319 2918 1799 3018 supplementa
1836 2916 2061 2993 borum
2091 2920 2478 3013 angulorum
2498 2971 2526 3011 ‚
2574 2940 2699 2993 aut
2734 2946 2845 2994 ar·-

647 3047 840 3095 cuum
867 3018 1011 3123 stat
1029 3019 1297 3122 semper
1332 3023 1581 3091 minora
1597 3016 1931 3113 gradibus
1968 3042 2071 3119 90
2093 3071 2121 3114 ,
2147 3018 2214 3122 fi
2248 3019 2511 3120 quando
2538 3023 2613 3093 in
2631 3022 2847 3118 praxi

644 3140 987 3197 occurrant
1042 3119 1279 3214 anguli
1343 3113 1555 3217 obtufi
1585 3168 1612 3208 ,
1677 3121 1845 3190 Tri·-

637 3224 1050 3317 gonometria
1105 3219 1286 3292 docet
1303 3268 1329 3308 ,
1380 3214 1689 3316 quomodo
1733 3220 1846 3289 in·

649 3325 1014 3395 veniantur
1039 3314 1231 3418 finus
1249 3369 1275 3409 ,
1315 3338 1666 3412 tangentes
1684 3367 1713 3407 ,
1743 3317 1869 3392 &-

634 3420 943 3520 secantes
947 3418 1554 3517 supplementorum
1573 3467 1607 3510 ,-
1620 3437 1698 3490 ut
1716 3415 1841 3491 bac

649 3523 776 3593 via
800 3518 1263 3616 cognoscantur
1299 3543 1488 3590 arcus
1505 3568 1531 3609 ‚
1566 3537 1687 3592 aut
1716 3545 1840 3591 an-

638 3618 802 3714 guli
842 3612 1096 3715 obtust,
1154 3618 1396 3714 quibus
1434 3637 1593 3712 opus
1629 3617 1728 3719 ‘st
1763 3620 1839 3692 in

646 3714 1045 3823 dimensione
1072 3714 1550 3816 triangulorum
1572 3747 1611 3791 ‚1

744 3990 748 4000 ,
847 3917 1417 4017 22.,Quamobrem
1439 3939 1630 3989 arcus
1646 3915 1837 3985 FNS

647 4016 1025 4117 quadrante
1070 4018 1280 4111 major
1325 4014 1622 4089 eumdem
1673 4013 1843 4086 dici-

647 4139 764 4191 tur
815 4116 1055 4193 babere
1099 4115 1320 4219 sinum
1376 4118 1435 4185 F
1455 4117 1530 4185 H
1550 4164 1576 4205 ‚
1643 4137 1847 4211 quem-

646 4243 842 4295 arcus
896 4222 1104 4294 minor
1153 4220 1212 4292 F
1233 4220 1289 4291 B
1309 4266 1336 4311 ,
1390 4218 1514 4314 qui
1565 4237 1715 4288 cum
1768 4237 1841 4288 eo
