3500 5234
726 731 838 829 38
1009 786 1016 792 .
1177 726 1740 800 Tamen.
1825 726 2150 799 PAns
2224 724 2286 797 Ι.

629 831 924 905 beantur
939 878 967 919 ‚
1037 844 1116 899 ut
1187 852 1271 900 en
1329 822 1587 927 analyfi
1635 823 2119 922 triangulorum
2174 829 2309 899 erit
2341 822 2778 927 manifestum
2794 853 2838 915 ;

637 958 814 1031 quas
847 926 1120 1028 quidem
1153 924 1370 1000 lineas
1406 928 1569 1000 utili
1587 925 1774 1027 sane*
1819 922 2078 1025 confilio
2134 930 2521 1001 recentiores
2568 932 2840 1003 Geome-
2928 991 2930 996 ,

638 1054 763 1106 trae
811 1031 1264 1124 excogitarunt
1284 1077 1310 1118 ,
1361 1047 1567 1126 atque
1624 1031 1698 1101 in
1735 1025 2008 1100 tabulas
2026 1025 2415 1122 redegerunt
2436 1056 2466 1099 .·
2496 1028 2727 1127 visum
2745 1029 2838 1129 est

637 1130 767 1206 bas
818 1133 1023 1202 etiam
1079 1126 1294 1202 lineas
1338 1131 1585 1222 paucis
1637 1147 1957 1223 exponere
1985 1177 2005 1198 .
2108 1126 2456 1228 Universa
2499 1124 2837 1230 siquidem
2928 1197 2930 1204 .

640 1228 1122 1326 triangulorum
1178 1226 1484 1327 resolutio
1540 1229 1759 1300 tribus
1812 1225 1991 1327 bisce
2045 1228 2374 1302 linearum
2423 1231 2792 1324 generibus
2810 1281 2835 1320 ,

639 1351 872 1507 netktpe
906 1334 980 1402 in
1021 1324 1290 1430 finibus
1306 1379 1353 1421 ,-
1389 1329 1824 1425 tangentibus
1842 1379 1869 1420 ‚
1896 1328 2016 1406 (9*
2054 1328 2447 1429 secantibus
2502 1326 2841 1432 confistere

639 1458 727 1507 vt
775 1454 924 1505 etur
942 1478 988 1501 ..

1026 1565 2086 1669 ‘PROP'OSITIO
2188 1597 2447 1670 x111.

1353 1763 2123 1837 PnonLssM'A.

645 1953 686 2031 ς
701 1952 771 2029 ς.
793 1932 1191 2116 INventis
1214 1926 1479 2032 finibus
1511 1931 1801 2005 omnium
1832 1955 2105 2007 arcuum
2134 1930 2540 2032 quadrantis
2572 1929 2838 2025 circuli,

782 2077 791 2082 -
934 2034 1241 2103 invenire
1278 2050 1629 2125 tangentes
1665 2056 1884 2105 omnes
1902 2082 1925 2105 .

839 2127 1221 2230 Resolutio.
1269 2127 1511 2201 Facile
1567 2131 1837 2205 constat
1866 2131 1943 2209 in
1982 2132 2180 2211 omni
2218 2132 2423 2227 casu,
2480 2131 2850 2235 triangula

644 2229 937 2320 AHF‚
989 2230 1220 2300 ABC
1260 2226 1701 2330 aequiangula
1739 2229 1842 2301 es·

643 2329 710 2404 se
767 2328 959 2404 inter
1016 2326 1129 2422 se3
1200 2323 1272 2399 &
1331 2326 1843 2429 consequenter

643 2424 1393 2531 hanc-proportionem
1443 2424 1844 2501 constanter

643 2529 907 2605 servari
927 2581 948 2601 .
979 2532 1051 2601 A
1068 2531 1144 2600 Η
1163 2580 1191 2621 ,
1209 2525 1403 2630 finus
1417 2527 1844 2624 complemen-

645 2635 707 2707 ti
745 2632 956 2702 :HF
999 2625 1225 2728 finum
1260 2632 1504 2703 reHum
1543 2653 1605 2700 t:
1642 2631 1841 2723 AB,

645 2730 882 2805 radius-
916 2753 938 2809 3
973 2733 1032 2801 B
1049 2732 1115 2801 C
1153 2749 1532 2825 tangentem
1553 2779 1574 2801 .

639 2845 644 2851 ·
720 2855 724 2859 ”
844 2826 1182 2928 Cognitis
1197 2849 1436 2903 autem
1459 2827 1683 2903 tribus
1704 2825 1845 2929 pri-

647 2927 784 3004 mis
836 2927 1162 3003 terminis
1219 2928 1425 3001 facile
1476 2928 1845 3027 cognosce·
1902 2968 1961 3049 S

649 3051 768 3106 tur
826 3028 900 3103 &
969 3049 1262 3130 quartus
1331 3054 1457 3129 per
1522 3028 1843 3127 regulam

648 3127 1229 3231 proportionum.
1329 3132 1572 3219 Quare
1640 3126 1843 3216 hujus

647 3230 929 3307 tantum
986 3229 1454 3303 Problematis
1507 3253 1640 3329 ope
1677 3245 1844 3301 ‘tan-

645 3348 893 3427 gentes
975 3328 1439 3403 invenientur
1518 3326 1844 3403 omnium

648 3454 938 3506 arcuum
975 3427 1386 3531 quadrantis
1420 3426 1717 3504 circuli.

1403 3598 1406 3601 ’
1523 3648 1532 3656 .
1586 3577 1890 3655 Scholion
1907 3627 1930 3650 .

658 3757 698 3831 5
712 3726 782 3804 6.
1015 3733 1091 3804 Τ
1129 3748 1353 3804 autem
1388 3728 1718 3805 brevitati
1750 3724 1997 3804 calculi
2029 3726 2407 3830 consulatur
2423 3766 2449 3819 ,
2506 3730 2856 3804 vitentur-

1064 3855 1198 3929 que
1256 3855 1498 3903 errores
1515 3881 1542 3921 ‚
1602 3828 1727 3928 qui
1782 3832 2069 3921 irrepere
2123 3828 2457 3901 interdum
2493 3828 2719 3932 solent
2773 3836 2855 3909 in

653 3951 1003 4029 tangentes
1028 3956 1410 4026 magnorum
1438 3954 1705 4003 arcuum
1720 3978 1750 4022 ‚
1789 3930 2051 4025 quippe*
2070 3953 2221 4025 quae
2247 3937 2580 4027 augentur
2608 3930 2860 4029 quam-

652 4031 941 4108 maximi
959 4083 986 4122 ,
1036 4035 1293 4105 interea
1328 4030 1488 4104 dum
1512 4026 1707 4129 finus
1764 4030 1925 4101 reHi
1973 4028 2341 4103 eorumdem
2399 4058 2670 4107 arcuum
2727 4037 2857 4109 vit'e

654 4132 747 4207 ad
781 4132 1056 4234 sensum
1105 4149 1437 4227 augentur
1450 4156 1500 4216 ,ς
1547 4126 1975 4202 limitandum
2023 4129 2242 4230 censeo
2286 4128 2457 4207 banc
2501 4130 2805 4230 regulam
2826 4186 2854 4226 ‚

626 4232 752 4310 ’θ’
793 4236 1071 4331 praxim
1127 4232 1351 4333 usque
1377 4230 1470 4304 ad
1491 4227 1755 4323 gradus
1784 4251 1884 4323 45
1911 4278 1933 4299 .
2008 4231 2403 4327 Tangentes
2437 4233 2717 4335 reliquae
2743 4236 2858 4307 in-

654 4338 1016 4411 venientur
1038 4352 1170 4431 per
1204 4329 1444 4407 Coroll.
1479 4327 1943 4406 Tbeorematis
1953 4330 2310 4431 stquentis
2327 4384 2350 4407 .
2443 4409 2446 4410 γ
