3500 5234
475 725 547 825 138
648 712 1285 797 DaCauoruaLoouurrunrco
1539 368 1551 778 i

525 822 609 900 166.
635 823 710 916 Qui
731 823 867 898 tabulas
886 819 1146 912 condiderunt,
1168 813 1441 918 progressionem
1459 816 1516 891 de-

336 927 337 934 ’
421 927 587 1028 euplum,
616 949 660 1016 1,
689 946 884 1016 10,100,
914 943 1014 994 1000
1043 920 1112 993 διε.
1142 940 1206 1019 pro
1233 915 1451 1016 geometrica
1470 919 1517 991 as·

418 1027 613 1127 sumpsere,
634 1024 889 1125 numerosque,
903 1020 965 1124 qui
981 1020 1140 1095 maximo
1156 1017 1291 1092 excelsu
1311 1038 1516 1089 10000000

422 1129 455 1203 se
476 1127 703 1226 superarent,
731 1149 795 1224 pro
815 1119 1043 1235 arithmetica
1061 1116 1320 1222 progressione,
1338 1142 1379 1189 ac
1397 1117 1517 1215 condi·

421 1227 583 1318 tionem,
598 1248 704 1330 quam
715 1247 828 1323 nuper
838 1221 930 1295 rndr·

419 1326 612 1415 eruimur,
664 1323 931 1416 observarunt,

417 1451 489 1529 qua
518 1426 644 1515 fieret,
671 1444 710 1497 ut
738 1420 929 1524 geometri·

416 1551 494 1599 cam
515 1522 721 1599 ordirentur
740 1523 784 1596 ab
816 1546 859 1613 1,
889 1520 927 1595 8<

416 1623 681 1700 arithmeticam
719 1645 816 1713 a0,
845 1647 924 1720 pro-

412 1746 498 1900 pter
536 1724 612 1799 usus
649 1722 742 1796 infra
781 1721 923 1796 traden-

437 1852 496 1901 OS·

955 1277 1181 1371 Progngeom.
1207 1266 1473 1365 Progaaritbm.

1086 1393 1102 1441 1
1207 1393 1232 1441 o

1062 1494 1108 1544 10
1213 1492 1421 1542 10000000

1030 1593 1102 1644 100
1205 1592 1418 1644 20000000

1003 1694 1102 1744 1000
1206 1692 1417 1765 30000000

978 1793 1105 1846 10000
1203 1792 1419 1862 40000000
1446 1767 1515 1842 dte.

518 1922 601 2022 167.
627 1921 725 2016 Quid
752 1942 871 1997 autem
898 1922 1004 1997 causa
1031 1919 1170 2011 fuerit,
1195 1936 1258 1993 cur
1283 1916 1517 2017 logarithmu-

416 2049 497 2098 rum
517 2024 728 2096 Inventores
749 2050 812 2122 pro
831 2022 995 2098 terminis
1014 2019 1260 2122 progressronis
1278 2018 1516 2092 arithmeticae

414 2121 652 2222 allumpserint
672 2148 836 2195 numeros
858 2145 963 2198 tanto
982 2120 1120 2197 excelsu
1139 2123 1169 2194 se
1189 2121 1415 2220 superantes,
1437 2119 1515 2192 bre·

305 2280 310 2288 .
413 2222 513 2296 viter
532 2220 719 2313 indicabo,
737 2220 830 2322 quod
852 2222 988 2320 planitls
1008 2223 1100 2295 infra
1120 2246 1316 2321 exponam.
1345 2222 1468 2311 Nam,
1490 2219 1514 2290 sr

331 2365 333 2369 Δ
414 2320 453 2394 in
481 2320 547 2393 hoc
574 2346 704 2420 opere,
731 2320 790 2393 usu
818 2346 860 2393 ue
881 2320 1177 2418 logarithmorum
1198 2319 1290 2392 nihil
1309 2318 1405 2393 aliud
1428 2345 1516 2420 prae·

412 2418 495 2493 siari
522 2440 728 2520 oporteret,
753 2346 857 2522 quim
885 2420 976 2492 datae
996 2420 1144 2493 cuilibet
1164 2420 1264 2493 seriei
1284 2444 1516 2493 numerorum

413 2519 630 2619 geometrice
650 2518 972 2620 proportionalium
996 2543 1039 2612 1,
1060 2546 1107 2610 2,
1126 2542 1176 2612 4,
1197 2522 1244 2611 8,
1269 2514 1339 2612 16,
1365 2543 1411 2616 32
1443 2520 1515 2593 dcc.

412 2620 584 2719 assignare
610 2619 733 2693 seriem
759 2645 988 2694 numerorum
1014 2619 1239 2694 arithmetice
1291 2618 1516 2719 roportiona·

412 2719 528 2811 lium,
554 2720 611 2794 seu
631 2719 864 2818 logarithmus
889 2742 931 2812 1,
958 2744 1006 2810 a,
1035 2744 1082 2815 3,
1106 2741 1156 2813 4,
1184 2747 1231 2815 ς,
1295 2720 1388 2810 &c.,
1416 2721 1515 2793 facil·

412 2818 540 2891 limum
569 2818 605 2891 id
635 2819 778 2921 quidem
807 2818 915 2911 ellet,
945 2846 1009 2893 nec
1039 2819 1158 2919 magni
1185 2820 1379 2893 moliminis
1404 2846 1514 2920 opus.

313 3005 315 3008 ι
411 2918 511 3009 Quia
527 2917 614 2993 verd
633 2918 671 2991 iti
690 2944 899 3022 quacunque
919 2919 1006 2993 serie
1025 2920 1241 3019 geometrica
1262 2920 1367 2994 multi
1388 2920 1514 2995 desunt

302 3110 304 3114 ι
410 3016 552 3099 numeri
572 3018 802 3111 intermedii,
821 3018 948 3122 quibus
969 3019 1006 3093 in
1027 3019 1150 3095 nollris
1169 3020 1438 3119 operationibus
1459 3021 1515 3094 in·

411 3118 533 3217 digere
559 3118 755 3219 possumus,
778 3118 861 3192 ideo
887 3120 1094 3219 logarithmi
1114 3121 1281 3222 applicati
1303 3119 1515 3223 cuicumque

409 3218 513 3293 serici
539 3219 787 3318 geometrica,
813 3218 943 3293 debent
964 3221 1124 3295 maximo
1143 3221 1280 3295 excelsu
1303 3221 1334 3293 se
1357 3220 1516 3295 invicem

409 3318 446 3390 su
472 3344 596 3410 erare,
616 3340 655 3392 ut
668 3317 878 3393 intermediis
886 3318 1009 3417 poffint
1024 3325 1127 3395 etiam
1135 3321 1197 3422 sui
1213 3320 1407 3416 logarithmi
1416 3374 1430 3413 ,
1440 3318 1515 3420 fiae

410 3344 484 3490 ulia
500 3416 666 3515 sraiiioae
692 3416 871 3519 afflgnari.
907 3419 1038 3510 Quod,
1067 3442 1107 3495 ut
1137 3420 1275 3496 saciliirs
1308 3422 1515 3519 intelligas,

408 3517 532 3590 confer
560 3516 630 3607 iam
659 3519 791 3593 diuam
821 3518 946 3609 seriem
975 3519 1240 3595 arithmeticam
1270 3545 1314 3614 1,
1341 3546 1389 3611 2,
1417 3544 1513 3613 3,4

412 3614 482 3688 &o
511 3642 591 3690 cum
611 3618 697 3692 serie
717 3619 934 3717 geometrica
959 3643 1001 3713 1,
1021 3646 1069 3713 a,
1088 3644 1137 3714 4,
1159 3624 1180 3694 8
1203 3621 1272 3693 dcc.
1316 3619 1408 3691 cum
1429 3620 1512 3692 uni·

411 3736 466 3789 tas
486 3714 526 3789 srt
547 3716 780 3815 logarithmus
796 3720 969 3812 unitatis,
988 3720 1144 3795 binarius
1162 3718 1315 3812 binarii,
1332 3718 1512 3795 ternarius

409 3815 658 3917 quaternarii,
677 3816 733 3891 hlc
753 3817 822 3910 jam
840 3818 969 3922 deelsgt
989 3820 1026 3914 lo
1050 3819 1221 3896 arithmus
1241 3818 1391 3893 ternarii
1409 3842 1422 3913 ;
1447 3847 1510 3920 pa-

406 3915 499 3988 riter
515 3917 631 3990 nullus
647 3915 873 4016 inveniretur
887 3846 1121 4018 logaritlimus
1140 3945 1369 3996 numerorum
1393 3944 1439 4014 ς,
1461 3920 1485 3992 6
1495 3973 1509 4015 ,

407 4038 457 4106 7,
485 4036 533 4109 9,
564 4039 634 4107 ιο,
663 4039 705 4089 11
729 4015 877 4111 &c.'qin
897 4025 968 4120 quo
986 4017 1068 4092 esset
1090 4018 1267 4094 maximus
1286 4017 1444 4095 desedlus
1470 4021 1509 4095 in

407 4139 542 4186 canone
569 4116 845 4214 logarithmieo3
869 4141 951 4192 nam
978 4117 1252 4233 quotiescunque
1278 4143 1507 4196 occurrerent

407 4212 549 4322 numeri
559 4213 780 4312 hujusmodi,
794 4215 940 4294 cessaret
955 4218 1071 4297 omnis
1089 4220 1388 4320 logarrthmorum
1397 4220 1508 4393 Ipsus.

467 4352 470 4356 >
1432 4346 1457 4391 x
