3500 5234
1252 751 1303 826 97

240 916 537 1015 aunum
572 890 1378 1024 Ta1coquaTR1ca

511 1173 742 1269 Adimam,
768 1174 817 1253 &⁶
834 1179 1094 1273 Longimetriae.

247 1428 451 1705 CUM
473 1424 606 1518 jamdiu
627 1426 886 1529 compererim,
906 1425 1099 1502 admodum
1117 1453 1245 1528 paucos
1265 1431 1354 1525 esse,

430 1526 465 1600 ui
495 1554 564 1601 non
596 1527 632 1602 in
653 1528 928 1604 Mathematicis
949 1550 1189 1603 exerceantur
1208 1554 1251 1602 eo
1271 1556 1355 1605 con·

403 1552 504 1719 silio,
541 1650 604 1720 ut,
634 1656 709 1732 quar
739 1630 958 1723 didicerint,
994 1628 1038 1702 ad
1069 1629 1228 1732 aliquem
1259 1631 1357 1703 usum

406 1728 573 1821 trahant,
598 1730 901 1830 Trigonometriae
929 1751 1046 1831 partes
1062 1729 1213 1827 singulas
1233 1727 1286 1801 ita
1305 1728 1359 1800 di·

248 1855 395 1929 gerere,
416 1854 456 1901 ac
477 1850 676 1929 temperare
699 1830 837 1922 studui,
865 1851 930 1920 ut,
949 1830 1012 1932 qui
1033 1828 1168 1903 studius
1188 1854 1234 1901 ex
1256 1826 1358 1923 hujus

249 1929 440 2031 disciplinae
460 1929 519 2003 usu
541 1928 676 2029 percipi
698 1929 825 2029 poffint
846 1929 890 2003 ad
912 1929 1074 2002 humanae
1096 1928 1180 2003 uita
1200 1954 1359 2001 commo·

249 2030 317 2121 da,
351 2056 423 2103 non
455 2027 554 2102 inani
584 2028 861 2120 venditatione,
901 2027 958 2101 sed
989 2054 1026 2102 re
1056 2028 1128 2130 ipsa
1157 2027 1357 2102 constaret.

248 2130 426 2220 Etenim,
462 2128 544 2199 dum
575 2150 674 2201 certa
704 2128 800 2201 ratio
830 2127 1020 2220 traditur,
1076 2154 1118 2203 ua
1148 2155 1356 2230 camporum

246 2228 517 2327 longitudines,
537 2226 748 2302 altitudines
764 2227 966 2321 montium,
995 2155 1146 2303 vallium
1166 2229 1356 2331 depressio·

245 2354 333 2419 nes,
361 2329 521 2399 locorum
549 2327 709 2401 omnium
739 2327 1003 2431 inaequalitates
1027 2330 1123 2404 inter
1152 2330 1210 2423 se,
1236 2330 1273 2402 &
1303 2329 1358 2402 in-

245 2426 406 2503 tervalla
432 2425 694 2523 deprehendere
724 2427 908 2503 metiendo
937 2429 1150 2521 debeamus,
1176 2430 1358 2504 neminem

247 2525 406 2616 latebit,
442 2524 627 2618 arbitror,
662 2551 837 2630 quantum
867 2530 1080 2622 commodi,
1118 2528 1357 2631 utilitatisque

248 2623 494 2702 substrudiioni
523 2625 782 2719 aedificiorum,
809 2629 924 2702 cultui
954 2656 1145 2729 agrorum,
1178 2655 1359 2703 armorum
1462 2701 1467 2706 .

212 2777 215 2782 -
250 2724 483 2815 tradiationi,
508 2728 807 2828 contemplationi
824 2729 1011 2822 syderum,
1037 2729 1183 2832 aliisque
1198 2730 1359 2823 artibus,

249 2824 500 2926 &disciplinis
522 2852 568 2899 ex
587 2825 715 2901 horum
734 2829 940 2925 cognitione
960 2855 1101 2905 manare
1122 2829 1249 2931 poffit.
1300 2860 1302 2864 ·

348 2924 526 3016 Quamuis
547 2949 666 2999 autem
687 2927 730 2999 ad
753 2927 989 3002 dimetiendas
1009 2956 1129 3004 rerum
1148 2927 1357 3023 distantias,

250 3027 286 3101 de
316 3025 531 3100 altitudines
561 3026 662 3098 uaria
691 3030 896 3101 Geometrae
927 3026 1184 3122 instrumenta,
1210 3030 1279 3104 five
1301 3057 1360 3105 or-

250 3153 340 3227 gana
370 3125 637 3223 excogitarint3
674 3148 819 3219 tamen,
857 3154 902 3201 ne
933 3128 1111 3203 varietate
1142 3154 1286 3222 rerum,
1323 3130 1360 3204 δε

251 3226 417 3329 praxium
437 3225 671 3299 multitudine
691 3227 846 3302 Tirones
862 3228 1074 3327 praepediam
1091 3226 1232 3329 potitis,
1253 3231 1361 3336 quam

252 3327 444 3418 instruam,
471 3352 542 3399 non
563 3325 636 3399 alio
656 3328 827 3402 utendum
843 3327 961 3400 censui
978 3327 1236 3422 instrumento,
1255 3329 1362 3433 quam

253 3426 500 3517 semicirculo,
527 3424 563 3498 de
584 3423 805 3597 appadiante,
831 3452 906 3529 quo
935 3426 1027 3500 nihil
1060 3428 1279 3542 simplicius,
1306 3431 1363 3502 ni·

253 3527 304 3602 hil
337 3526 552 3629 parabilius.
638 3523 712 3617 ujus
742 3526 967 3601 instrumenti
998 3527 1093 3603 usum
1124 3556 1161 3603 1n
1181 3529 1362 3631 capiendis

255 3628 418 3805 anguli?
449 3626 663 3736 descriptum
689 3626 796 3704 habes
817 3632 937 3706 Tomo
967 3628 997 3703 1.
1025 3632 1269 3726 Geometriae‚
1298 3658 1363 3707 nu·

256 3756 357 3813 tuero
404 3750 443 3826 4.
