3500 5234
374 765 426 841 28
604 761 885 836 Tntoon.
929 760 1091 834 Pares
1124 761 1156 836 1.

325 939 437 991 unum
457 909 645 986 secundum
665 910 843 986 minutum
860 909 908 987 ell
923 882 1056 1037 {13¹3AE
1076 910 1188 987 totius
1209 882 1448 993 semidiamed

325 1065 377 1140 tri
407 1064 527 1138 divisa
557 1060 594 1134 in
624 1060 674 1134 60
707 1081 852 1159 partes,
886 1060 964 1134 clun
996 1059 1045 1134 60
1076 1081 1193 1162 partes
1217 1052 1445 1139 contineant·

325 1164 483 1240 216000
504 1159 644 1236 minuta
672 1160 841 1236 secunda.
883 1166 934 1236 At
968 1185 1035 1234 una
1064 1162 1242 1262 particula
1265 1163 1441 1238 semidia-

323 1313 434 1391 metri
450 1311 568 1387 divisae
589 1309 626 1383 in
646 1330 765 1412 partes
791 1332 997 1386 10000000
1027 1307 1074 1383 est
1102 1285 1279 1367 -ss-
1317 1309 1441 1395 totiuaf

1107 1392 1297 1437 10000000'

322 1460 600 1538 semidiametri.
624 1457 773 1534 Constat
799 1481 918 1534 autem
939 1461 1128 1537 minutiam
1149 1462 1237 1536 hanc
1256 1457 1325 1535 elie
1342 1461 1437 1536 mul·

322 1562 365 1638 td
387 1561 560 1636 minorem
581 1561 665 1635 illl.
692 1562 960 1652 Quamobrem,
985 1560 1120 1635 etiamst
1137 1561 1173 1637 in
1202 1561 1276 1635 sinu
1306 1561 1435 1666 aliquo

324 1664 530 1762 negligatur
550 1658 731 1735 interdum
753 1686 821 1733 una
842 1659 915 1734 ferd
936 1661 1110 1761 particula·
1138 1687 1184 1735 ex
1217 1684 1435 1762 10000000·

320 1760 507 1863 particulis
526 1761 618 1835 finus
638 1759 775 1853 toriae,
802 1760 917 1835 multo
938 1783 1058 1834 tamen
1078 1761 1195 1835 minor
1215 1786 1319 1836 error
1334 1784 1434 1835 coms

319 1862 517 1954 mittetur,
545 1862 651 1963 quam
673 1859 697 1932 sr
717 1859 922 1959 negligatur
942 1884 1049 1934 unum
1070 1861 1144 1934 ferd
1172 1861 1355 1935 minutum
1382 1860 1436 1934 se·-

319 1962 476 2035 cundum
508 1987 553 2034 ex
584 1957 740 2034 216000
773 1957 955 2050 secundis,
981 1958 1020 2032 in
1048 1985 1124 2062 quae
1144 1959 1234 2034 finus
1254 1981 1356 2034 totus
1375 1958 1429 2034 in·

320 2058 503 2158 telligitur
521 2059 586 2132 effe
603 2058 755 2132 divisus.
774 2057 872 2149 Quid
890 2078 1060 2159 praterea
1075 2058 1227 2159 praellari
1242 2080 1428 2160 oporteat,

321 2179 363 2232 ut
390 2159 533 2232 Tabula
559 2157 694 2230 sinuum
712 2157 885 2258 exquilitd
905 2156 1020 2233 adhuc
1039 2158 1284 2251 construatur,
1310 2157 1430 2260 posito

319 2256 395 2331 sinu
417 2278 499 2331 toto
515 2255 670 2357 partium
693 2277 871 2352 100000,
898 2279 959 2332 aut
979 2258 1089 2334 etiam
1109 2257 1342 2361 pauciorum,
1362 2282 1429 2333 ex·

319 2378 596 2458 mmmm
1176 2384 1180 2391 ’

423 2478 485 2554 39.
510 2457 640 2530 Multa
669 2477 839 2558 praterea
868 2457 1132 2538 observationes
1158 2458 1271 2551 alia,
1307 2456 1435 2562 quoad¹

321 2555 534 2632 divifionem
553 2555 669 2648 radii,
697 2557 753 2630 seu
773 2557 864 2631 smus
883 2557 1020 2652 totius,
1049 2580 1153 2635 erunt
1182 2558 1250 2633 suis
1276 2582 1429 2663 quaeque

320 2657 411 2731 locis
428 2655 633 2746 adjiciendae
653 2683 689 2727 n.
711 2654 774 2753 69.
793 2679 857 2752 70.
877 2680 939 2752 71.
958 2683 1023 2752 7²⁵
1041 2684 1129 2757 73.;
1155 2685 1241 2763 quas
1260 2659 1431 2734 hocloco

322 2781 516 2854 congerere
538 2753 746 2846 molestum,
773 2752 938 2853 &grave
959 2758 1155 2833 Tironibus
1180 2759 1288 2833 esset.
1330 2759 1431 2833 Inte·

318 2855 391 2932 tim
411 2855 549 2929 eosdem
570 2853 725 2928 monitos
745 2854 855 2928 velim
876 2882 946 2930 non
968 2856 1005 2930 id
1026 2857 1081 2955 agi
1103 2858 1199 2931 hlca
1230 2856 1359 2951 nobis,
1388 2875 1431 2932 ut

315 2954 472 3030 ‘immani
492 2952 595 3046 sane,
614 2953 793 3034 &inutili
812 2956 968 3056 prorsum
989 2956 1110 3031 labore
1127 2956 1277 3030 Tabulae
1290 2956 1431 3033 rursum

319 3073 593 3170 computentur.
618 3057 759 3127 Harum
778 3054 1099 3149 construdlionem,
1119 3056 1155 3131 dt
1172 3058 1351 3131 calculum
1369 3081 1432 3130 arr·

320 3155 432 3258 tiqurs
450 3152 681 3245 Geometris,
708 3157 746 3224 Ρ.
765 3153 921 3246 Clavio,
948 3158 985 3226 P.
1015 3158 1071 3229 De
1100 3155 1254 3249 Chales‚
1282 3160 1433 3231 Ozana·

318 3280 404 3347 mo,
429 3253 466 3328 &
492 3252 698 3354 nuperrime
723 3251 888 3345 Rivard,
910 3255 1163 3354 Deparcieux,
1191 3255 1341 3359 aliisque
1368 3255 1433 3329 de·

321 3354 466 3446 bemus,
493 3355 556 3467 qui
576 3350 722 3456 posteris
739 3352 899 3427 laborem
930 3353 1023 3426 hunc
1051 3354 1335 3454 proripuerunt.
1390 3351 1435 3428 ld
1469 3356 1473 3361 ’

320 3451 426 3526 unice
453 3475 596 3551 agitur,
623 3473 662 3526 ut
691 3477 761 3554 qua
791 3452 931 3527 ratione
961 3451 1032 3525 illae
1053 3453 1252 3552 computari
1273 3452 1433 3553 poffint,

217 3566 221 3571 ’
319 3549 518 3652 planiffrmd
539 3575 736 3650 exponam.
766 3555 852 3623 Haec
871 3551 968 3625 enim
986 3553 1148 3650 cognitio
1166 3552 1320 3626 multtlm
1342 3578 1434 3627 con·
1462 3554 1469 3609 't

321 3649 415 3722 seret
431 3649 474 3720 ad
491 3649 693 3723 earumdem
709 3650 932 3725 Tabularum
949 3648 1043 3723 usum
1056 3650 1125 3724 rire
1137 3651 1436 3749 intelligendum.

319 3752 379 3822 Ac
395 3747 557 3848 quamvis
586 3745 706 3821 multat
735 3747 845 3822 etiam
865 3774 887 3822 a
906 3747 1181 3846 Recentioribus
1201 3748 1366 3824 methodi
1384 3750 1435 3826 ad
1470 3812 1473 3843 ἱ

319 3846 603 3920 contrahendum
623 3843 752 3919 calculi
771 3847 929 3919 laborem
950 3845 1105 3918 inventa
1125 3849 1214 3943 sint,
1240 3874 1285 3924 ex
1307 3851 1437 3927 omni·
1471 3886 1473 3891 ·

321 3947 387 4020 bus
406 3966 525 4020 tamen
544 3945 645 4019 illam
665 3942 832 4042 seligam,
861 3968 937 4047 quae
958 3941 997 4016 &
1022 3968 1126 4046 captu
1156 3949 1329 4023 facillima
1361 3949 1408 4026 fit
1422 3997 1464 4047 ,2

321 4045 360 4117 &
379 4044 517 4144 scopum
537 4042 715 4138 attingat.
1448 4048 1453 4057 '

421 4144 547 4245 ltaque
573 4140 948 4216 turmariorum
970 4141 1224 4239 inveniantur,
1251 4148 1336 4223 satis
1358 4150 1440 4226 erit

321 4242 531 4320 methodum
550 4240 720 4338 tradere,
745 4263 816 4342 qua
835 4240 994 4340 cognosci
1014 4241 1143 4342 poffint
1160 4246 1285 4322 rbrrdae
1310 4249 1445 4326 diver..

1262 4347 1386 4447 sorum
