3500 5234
477 761 864 831 Tntootrornurntn
890 761 996 831 Putes
1023 758 1091 833 ΙΙΙ.
1202 785 1278 862 139

327 860 388 933 Ex
412 883 485 971 quo
509 860 575 951 fit,
602 880 665 951 ut,
691 857 716 930 st
741 854 977 954 logatithmus
997 860 1147 936 unitatis
1165 861 1249 939 esset
1276 888 1328 959 0,

250 986 292 1035 ro
318 959 356 1033 lo
380 959 536 1033 artthmo
562 957 692 1033 binarii
718 956 850 1060 possent
876 956 988 1059 accipi
1012 982 1244 1054 10000000,
1264 992 1329 1066 pro

225 985 362 1236 {egerit
427 1058 699 1163 oquatetnurii
729 1080 976 1151 20000000,
1010 1085 1075 1159 pro
1110 1053 1330 1162 lugurithmo

286 1158 406 1233 onorii
433 1182 673 1257 300000003
699 1157 736 1231 ἃ
763 1180 848 1233 tunc
875 1157 1009 1261 possent
1029 1159 1211 1262 suppetere
1231 1190 1329 1240 cotn-

251 1259 350 1335 lures
375 1257 583 1357 sogarithmi
604 1281 666 1357 pra
690 1261 837 1333 numeris
861 1258 1093 1352 intermediis,
1118 1261 1229 1338 etiam
1255 1265 1327 1342 fine

223 1288 483 1456 itaflionibus3
518 1365 571 1436 uri
598 1385 683 1435 mox
707 1385 754 1434 ex
829 1383 906 1432 arn.

326 1459 494 1552 Verum,
530 1481 720 1565 antequam
756 1385 1057 1559 ffgarithtnorunt
1091 1459 1240 1560 speciem
1264 1465 1330 1539 nli-

226 1586 364 1665 quam,
401 1560 565 1664 usumque
592 1563 776 1653 refemm,
809 1587 916 1662 quem
943 1559 1112 1634 obtinent
1138 1558 1176 1632 in
1200 1563 1330 1661 Trigo-

226 1659 437 1752 nometriu,
464 1660 689 1737 necessarium
716 1662 808 1735 duco
833 1663 1072 1764 proprietates
1091 1659 1257 1736 omnibus
1277 1662 1331 1735 lo·

228 1759 416 1861 gurithmis
441 1787 646 1837 communes
669 1762 872 1863 explicare.

229 1992 233 1999 ·
279 1964 341 2037 De
363 1960 652 2059 Lagaritbmorurrr
674 1961 968 2058 proprietatibus,
991 1957 1041 2036 Θ·
1064 1963 1282 2035 inventione.

624 2160 860 2235 Leumu
914 2162 943 2232 L

230 2360 322 2434 168.
332 2361 422 2551 SI
429 2358 565 2460 suerint
582 2354 726 2457 quatuor
741 2362 873 2434 numeri
886 2356 1097 2433 aritbntetici
1114 2357 1216 2461 (five
1231 2366 1334 2436 conti·

422 2458 510 2554 nui,
544 2479 602 2534 tute
619 2487 682 2535 non
700 2456 853 2534 continui
868 2459 1180 2561 proportionales),
1196 2461 1334 2562 summa

230 2581 447 2637 extremarum
465 2564 654 2659 equabitur
663 2561 806 2662 sunmae
824 2559 1022 2635 mediorum.
1058 2562 1107 2633 Et
1125 2582 1258 2637 contra.

329 2666 383 2735 Ut
409 2660 579 2762 quonium
599 2662 738 2737 numeri
765 2684 813 2761 9,
843 2684 916 2757 ις,
943 2683 1016 2751 21,
1042 2684 1093 2749 27
1121 2660 1198 2736 sunt
1223 2660 1335 2737 arith·

227 2759 360 2836 metite
386 2761 691 2862 proportionales,
717 2782 790 2836 tunt
816 2761 949 2835 summa
977 2782 1222 2837 extremorum
1249 2762 1334 2859 9&

230 2884 307 2955 27,
326 2859 431 2963 quint
453 2861 650 2937 mediorum
673 2884 716 2956 ις
740 2861 776 2935 &
798 2885 871 2953 21,
892 2860 940 2935 est
962 2859 1032 2957 36.
1060 2862 1192 2938 Rursus
1211 2861 1249 2935 in
1269 2889 1334 2936 nu·

229 2958 339 3033 meris
363 2982 409 3057 ς,
430 2960 476 3052 6,
505 2984 551 3058 3,
570 2985 619 3055 4,
636 2984 882 3037 extremorum
902 2962 1034 3036 summu
1055 2959 1103 3034 est
1124 2984 1172 3060 9,
1191 2962 1334 3063 aequalis

228 3058 371 3134 summu
390 3060 589 3137 mediorum
609 3062 747 3163 puriter
765 3084 813 3160 9.

553 3262 959 3360 ,ΕΕΜΜΑΙΒ

231 3453 323 3558 169.
396 3459 422 3534 I
435 3458 572 3559 fuerint
597 3439 665 3534 tres
681 3466 811 3536 numeri
829 3457 1038 3536 arithmetici
1055 3460 1335 3558 proportionales,

412 3562 550 3662 summa
576 3581 789 3636 extremarum
807 3564 998 3661 equabitur
1015 3560 1116 3660 dupio
1135 3561 1259 3636 medii.
1286 3564 1335 3636 Et
1450 3623 1452 3635 .

231 3678 364 3738 tonna.

333 3759 437 3837 Patet
462 3761 501 3837 in
527 3761 684 3839 nuntetis
702 3786 751 3857 4,
778 3762 802 3837 6
811 3817 825 3855 ,
854 3763 900 3837 8.
935 3765 1077 3839 Summa
1098 3762 1194 3840 eninr
1215 3783 1335 3837 extre·

231 3883 373 3936 morunt
396 3860 444 3937 est
474 3883 545 3954 12,
570 3887 743 3970 quantum
762 3864 811 3938 est
838 3865 986 3965 duplum
1012 3863 1144 3939 medii.
1181 3865 1271 3937 stem
1298 3862 1336 3937 in

231 3961 391 4037 numeris
415 3986 485 4058 17,
505 3961 581 4058 26,
602 3988 676 4064 35,
703 3964 885 4069 inquibus
907 3986 982 4039 tam
1001 3963 1159 4039 medium
1180 3962 1335 4064 duplica·

231 4078 336 4154 turn,
362 4063 468 4168 quim
488 4066 642 4156 extremi
666 4065 762 4139 suntul
784 4063 925 4159 additi,
945 4063 1104 4166 efficiunt
1126 4090 1198 4166 52.
1237 4066 1336 4138 Con·

231 4161 372 4237 versum
391 4189 531 4269 quoque
552 4165 680 4252 horum
699 4168 926 4266 Lemmutunt
948 4165 1167 4267 perspicuum
1187 4161 1235 4239 est
1251 4215 1261 4235 .

332 4257 702 4371 Utrumque‘Letntnn
721 4251 980 4343 demonstratur
999 4267 1107 4343 Tom.
1126 4261 1195 4341 111.
1215 4268 1256 4337 At

231 4359 385 4441 Unive'r.
1200 4463 1216 4538 I
