3500 5234
438 759 500 809 on
524 737 759 811 Consta.
783 737 1148 811 Tnuuuenuut.
1247 755 1296 832 17

709 883 880 961 Scholion.

348 1036 415 1107 Um
429 1039 612 1131 Scriptores
625 1034 667 1107 de
675 1032 754 1135 fiam
770 1034 883 1134 aliquo
897 1032 1098 1131 loquuntur,
1106 1033 1241 1135 semper
1248 1033 1349 1109 intei-

373 1136 485 1230 ligant
500 1132 609 1233 finam
635 1140 781 1210 retium:
805 1131 869 1232 m'fi
888 1132 988 1207 allum
1004 1155 1122 1210 uacent
1133 1133 1248 1238 finam
1267 1160 1348 1211 cona·

243 1237 437 1332 piamenti,
463 1255 523 1309 aua
543 1236 695 1335 versum.

351 1455 411 1531 19.
436 1437 598 1530 Tangens
616 1432 765 1525 alicujus
780 1456 897 1524 arcas,
918 1451 980 1506 atat
995 1430 1135 1528 anguli,
1154 1430 1202 1505 est
1226 1432 1348 1529 reae,

248 1558 326 1636 quae
346 1534 615 1609 extremitatem
633 1559 733 1608 arcus
751 1530 956 1630 contingit,
981 1530 1230 1633 comprehensa
1250 1533 1349 1609 inter

247 1632 484 1725 contuitum,
521 1634 558 1707 &
587 1634 792 1709 concursum
823 1657 904 1705 cum
926 1632 1046 1723 linea,
1075 1655 1123 1705 ex
1142 1651 1268 1706 centro
1286 1658 1351 1732 pet

246 1732 399 1807 alterum
425 1757 627 1809 extremum
653 1732 803 1825 ejusdem
828 1757 930 1805 arcus
950 1753 1057 1807 extra
1075 1730 1250 1806 circulum
1271 1758 1353 1830 pro·

246 1830 375 1906 duiia.
409 1832 468 1906 Sic
495 1834 602 1930 (Fig.
621 1860 654 1907 o.
677 1835 761 1931 18.)
789 1828 888 1906 resta
915 1833 986 1903 BC
1012 1829 1061 1905 est
1081 1850 1229 1928 tangens
1251 1855 1353 1904 arcus
1504 1867 1508 1878 ·

245 1932 339 2024 BF3
366 1930 404 2006 &
431 1931 530 2008 reita
558 1935 618 2005 IE
646 1930 695 2005 est
724 1953 872 2028 tangens
901 1955 1002 2004 arcus
1032 1931 1112 2003 IF.
1137 1927 1355 2022 Huiusmodi

245 2050 368 2105 autem
388 2054 537 2130 tangens
555 2032 754 2131 appellatur
769 2033 904 2125 prima.

347 2135 472 2204 secans
490 2132 638 2223 alicujus
657 2154 753 2203 arcus
770 2128 817 2202 esi
836 2128 931 2200 linea
949 2125 1055 2203 dueta
1075 2149 1262 2205 executio
1277 2128 1350 2204 cit·

246 2228 322 2303 culi
341 2254 404 2327 per
424 2248 624 2303 extremum
643 2253 765 2319 arcus,
793 2227 831 2301 &
850 2226 895 2300 ad
915 2248 1122 2327 tangentem
1141 2249 1246 2304 extra
1277 2228 1349 2304 cir·

246 2328 371 2401 culum
390 2328 599 2402 terminata.
630 2333 751 2430 Atque
771 2324 822 2401 ita
842 2325 939 2400 linea
968 2332 1045 2400 Ac
1075 2326 1123 2401 est
1151 2328 1266 2404 secans
1291 2354 1349 2404 ar·

247 2451 313 2515 cua
331 2428 422 2518 BF,
447 2425 483 2500 δε
502 2429 597 2502 linea
611 2430 689 2501 ΑΕ
704 2427 819 2502 secans
835 2452 937 2502 arcus
951 2428 1034 2524 1F3
1048 2448 1268 2533 vocaturque
1285 2428 1351 2505 hu·

248 2524 401 2619 jusmodi
420 2525 535 2603 secans
547 2531 683 2626 prima.

679 2676 918 2754 Corollariam.
1369 2763 1372 2769 A

244 2826 490 3017 '20.Hlnc
518 2825 684 2908 inomni
712 2828 894 2928 triangulo
921 2827 1153 2930 naengum,
1173 2827 1208 2932 fi
1225 2828 1352 2906 altaro·

452 2947 541 3002 tram
558 2927 695 3002 duorum
712 2929 879 3024 lateram,
900 2950 1012 3029 puta,
1037 2934 1136 3022 AB,
1166 2934 1352 3026 accipiatur

201 3091 203 3097 .
255 3046 420 3127 tanquam
435 3026 574 3119 radius,
589 3026 656 3199 lea
683 3054 759 3103 anus
772 3050 883 3123 totus,
907 3031 1000 3106 latus
1016 3030 1158 3106 aiterum
1175 3034 1256 3105 AC
1271 3055 1353 3106 eua-

256 3128 313 3204 dia
339 3149 481 3225 tangens
499 3132 619 3222 angui
643 3131 672 3199 B
690 3130 880 3221 adjacentia

253 3230 364 3326 primo
377 3228 480 3302 lateri
489 3231 524 3300 A
535 3232 597 3313 B,·
614 3226 880 3329 &hypotenusa
939 3211 975 3289 C

257 3327 466 3403 CBeuadit
470 3326 592 3424 secans
601 3327 748 3428 ejusdem
760 3329 880 3424 anguli

257 3429 312 3500 Β.
337 3427 399 3501 Sin
420 3448 541 3502 autem
566 3427 659 3502 latus
684 3430 761 3499 AC
787 3426 880 3501 acci·

286 3526 381 3601 iatur
401 3524 605 3629 protadio,
621 3524 678 3600 seu
689 3525 763 3601 sinu
774 3547 879 3619 toto,

255 3553 355 3702 fatus
373 3631 445 3700 AB
466 3623 588 3701 evadit
609 3648 757 3725 tangens
770 3651 879 3724 angu-

259 3726 290 3800 li
309 3730 366 3818 C,
382 3725 419 3801 &
438 3726 655 3826 hypotenusa
668 3730 740 3803 CB
761 3728 880 3804 secans

262 3824 416 3918 ejusdem
435 3825 556 3927 auguli
576 3828 631 3901 C.
914 3844 974 3935 A
1105 3855 1123 3876 ·-
1189 3880 1191 3884 -
